2462 3246
449 126 512 214 “ba
547 134 597 210 Θ
632 133 693 213 ud*
974 156 1009 215 43

174 273 299 329 praedicere,
313 268 355 323 quis
365 273 437 323 neget,
452 280 499 309 eum
510 267 625 309 notionibus
638 268 705 318 novis,
719 267 739 308 in
751 267 816 309 animo
824 264 903 310 iliorum
917 269 1011 321 excitatis,

174 343 217 371 eam
232 327 296 367 saltem
311 326 415 366 claritatem
429 322 533 364 affundere
546 322 643 373 debuisse,
668 329 738 363 ut'eas
752 333 805 363 tanta
819 336 862 364 cum
877 322 1013 377 perspicuitate

173 380 284 436 aequalibus
293 377 329 421 suis
341 380 452 431 exprimere
462 376 550 431 possent,
568 390 639 430 quauta
648 391 697 430 opus
708 389 748 417 erat
757 377 782 417 ad
794 379 816 418 iis
826 379 941 419 tradendam
953 381 1012 421 tascm

144 480 146 484 ,
172 436 254 480 Mediae
268 436 367 484 notitiam,
388 434 465 486 qualem
481 430 522 484 ipse
536 433 565 473 issi
579 433 639 472 aetati
654 429 769 472 destinasset.
801 434 848 473 Eam
862 446 907 475 vero
923 441 936 475 a]
947 431 1012 486 priscis

171 490 283 532 hominibus
293 491 325 531 vel
336 503 361 529 en
369 486 457 528 sormusis
471 490 552 541 tropicis
561 487 633 528 hauriri
642 485 732 539 potuisse,
746 486 847 529 docuimus
860 491 876 539 §.
887 498 902 532 8.
913 486 935 539 sa)
945 499 1012 529 exem·

172 547 204 599 pso
214 545 252 587 loci
266 542 314 585 Gan.
326 557 342 595 3,
356 556 387 588 ις,
400 540 505 595 proposito.

145 626 166 682 c)
182 612 410 677 Eventu'quidem'cum
425 623 515 672 oraculis,
534 624 555 663 in
569 621 641 675 quibus
654 620 679 662 de
694 623 762 664 Messla
775 624 799 664 in
812 622 922 665 universum
938 624 1010 677 aliquid

150 724 152 727 ,
172 681 301 735 praedicitur,
316 677 442 726 conserendo,
458 690 480 717 ea
489 676 568 730 possunt
578 677 673 725 illustrari,
686 689 745 729 atque
753 680 814 732 magis
825 681 927 733 magisque
936 680 1010 719 'defini-

171 751 187 777 ιι
192 766 197 785 ,
216 733 249 830 sspd
259 731 312 774 nesar
319 733 351 828 qest
360 732 487 780 contendere,
504 746 534 784 ea,
549 744 600 786 quae
610 730 688 773 historia
697 732 786 787 magistra
794 735 929 789 intelligimus,
944 735 1010 776 omnia

171 804 195 831 ns
208 802 219 830 e
236 802 246 828 e
257 800 323 842 expiet
332 803 348 830 a.

129 866 130 869 ¹
143 868 169 922 d)
184 869 214 914 Cs.
225 875 241 922 §.
251 884 270 920 9.
281 872 304 919 a)
316 880 336 911 et
347 872 363 920 §.
377 882 406 916 14.
416 871 442 920 e).

145 953 167 1005 e)
180 932 233 1004 Haec
244 950 317 992 discere
326 953 372 992 sicet
384 964 409 991 ex
418 946 500 1006 Lowtsti
514 959 535 991 et
545 946 635 991 Headui
647 949 660 992 s.
669 961 684 989 c.
700 958 722 990 et
731 961 756 990 ea
771 941 872 991 Gatib'elani
883 946 953 1003 &ones
959 947 1009 1003 poss

172 1005 234 1062 Afiai,
243 1004 397 1048 coaranaaarara'is.

142 1085 170 1141 f)
185 1092 228 1129 Hoc
237 1087 354 1128 demonstrat
364 1082 461 1128 Lonrsas
469 1085 482 1126 l.
493 1098 508 1128 c.
519 1094 540 1125 et
548 1081 633 1137 Esaiam
642 1086 758 1126 nontinatim
768 1085 858 1126 oratione
866 1085 942 1138 postica
954 1079 1010 1124 usum

172 1141 220 1191 esse,
235 1144 291 1183 docet
302 1143 355 1182 idem
366 1144 386 1182 in
397 1139 511 1190 Protagora.
523 1136 598 1192 Esaiae
613 1137 694 1180 versans
708 1139 823 1192 praemissu
841 1140 934 1180 addicunt
949 1140 1010 1178 etiam

171 1195 304 1237 Eicaaonaas
321 1199 338 1238 P.
355 1209 371 1243 3.
387 1199 403 1246 §.
415 1198 460 1240 516.
476 1210 494 1246 p.
509 1208 541 1241 3¹·
556 1205 575 1233 et
590 1190 698 1234 Harenas
710 1194 783 1246 passim.
814 1195 908 1245 Pleraque
921 1192 1011 1233 vaticinia

172 1251 256 1292 versibus
267 1252 379 1301 decurrere,
394 1263 419 1290 erc
431 1258 495 1289 metro
506 1250 576 1295 etiam¹
597 1263 609 1288 a
620 1250 722 1301 prophetis
734 1245 844 1294 observato,
863 1249 925 1287 evinci
940 1244 1011 1299 posset,

172 1305 207 1345 nist
216 1305 253 1344 hoc
263 1303 308 1343 esset
318 1306 341 1343 ab
351 1306 370 1344 h.
380 1305 393 1342 s.
403 1305 495 1342 alienum.
524 1306 547 1342 In
559 1301 663 1341 visionibus
674 1315 719 1342 vero
726 1302 844 1354 propheticis
852 1303 951 1354 plerisque
957 1314 1011 1340 enar·

172 1359 246 1403 randis,
261 1359 321 1395 oratio
332 1355 427 1408 prosaica,
441 1358 461 1393 in
472 1355 615 1393 narrationibus
625 1354 705 1405 tristata,
722 1353 809 1407 usurpata
819 1356 856 1405 esi,
871 1358 900 1395 uti
910 1357 1010 1395 rossema-

170 1421 206 1451 net
217 1407 348 1463 Eirbstornius
359 1412 378 1448 P.
391 1421 406 1454 3.
416 1422 436 1460 p.
448 1419 479 1452 35·
491 1418 511 1447 et
525 1410 544 1447 Ρ.
556 1420 573 1445 2.
583 1422 602 1459 p.
614 1418 668 1458 405„
949 1414 960 1436 ,-

143 1490 170 1543 g)
181 1492 292 1532 Maximum
304 1488 404 1530 discrimen
414 1490 516 1540 utriusque
526 1486 606 1540 poiseus
616 1486 666 1527 inest
676 1490 696 1528 iu
705 1483 794 1527 sensuum
809 1497 829 1527 et
843 1479 952 1543 imaginum
963 1502 1009 1543 qua·

171 1546 216 1586 dam
227 1544 345 1591 direrfitate,
360 1544 414 1596 cujus
425 1540 506 1582 caussam
515 1542 586 1582 iudicat
595 1539 702 1582 Herdtrns
713 1543 724 1583 h
737 1554 751 1583 c,
762 1544 781 1584 Ρ,
795 1556 811 1583 a.
821 1557 840 1596 p.
849 1556 867 1591 7.

145 1623 168 1676 b)
182 1627 246 1678 Hujus
260 1622 371 1665 discriminis
385 1620 504 1672 observatio,
523 1637 563 1663 non
579 1633 617 1662 tam
633 1624 671 1663 vim
688 1620 759 1663 exserit
776 1625 796 1663 in
812 1624 908 1665 rationem
925 1626 1009 1668 carmina

172 1679 225 1721 hebr.
235 1678 385 1732 interpretandi,
401 1687 458 1729 quam
468 1679 488 1716 iu
500 1677 595 1729 judicium
605 1678 630 1717 de
640 1689 709 1716 eornm
719 1677 829 1723 venustatet
843 1692 908 1732 neque
920 1681 956 1720 alia
967 1678 1009 1721 scn-

133 1748 135 1753 ’
172 1737 234 1776 tentia
244 1732 283 1774 esse
293 1732 369 1773 videtur
379 1730 470 1772 Herdari
482 1733 492 1771 l.
503 1745 517 1771 c.
529 1744 548 1771 et
561 1734 581 1773 P.
593 1745 610 1772 a.
620 1746 640 1784 p.
654 1735 698 1776 316.

145 1815 163 1867 s)
177 1815 227 1857 Usus
239 1814 341 1867 loquendi,
357 1825 416 1865 quem
427 1817 497 1865 po'c'tae
511 1810 565 1852 bobr.
581 1811 700 1864 sequuntur,
715 1812 813 1854 direrbtas
827 1828 869 1855 raro
882 1814 974 1866 quidem,
990 1825 1009 1857 at

173 1871 271 1912 interdum
282 1879 346 1909 tamen
357 1865 415 1919 ipsam
427 1868 611 1919 interpretationem
620 1867 766 1918 quodammodo
775 1868 838 1909 afficit.
849 1872 873 1910 V.
886 1882 901 1910 c.
912 1872 957 1922 quia
968 1865 1008 1909 He-

174 1924 230 1966 braei
241 1919 320 1963 diversas
334 1923 456 1975 metaphoras
473 1935 512 1960 uno
525 1921 638 1972 eodemque
653 1921 695 1961 loco
710 1922 808 1974 jungunt,
831 1933 906 1963 temere
918 1936 943 1963 ex
954 1924 1009 1965 ratiis

174 1979 293 2032 metaphoris
307 1978 376 2017 variae*
386 1977 478 2016 notiones
492 1977 620 2023 dicerentur,
640 1985 661 2013 et
676 1977 721 2028 quia
737 1978 875 2027 parallelismus
892 1976 1010 2032 synonymo-

175 2048 217 2075 rum
228 2032 255 2072 est
263 2030 387 2084 frequensiu
402 2029 518 2071 carminibus
528 2028 580 2069 sun.
593 2030 644 2068 maie
654 2030 748 2069 attributa
762 2030 881 2072 reserrentur
892 2032 916 2072 ad
928 2043 958 2072 tot
968 2030 1010 2072 sub·

174 2090 235 2139 jesia‚
250 2087 302 2137 quod
316 2086 407 2126 ridentur
420 2084 500 2125 indicari
515 2098 550 2138 per
558 2082 683 2137 substantiva
700 2082 819 2140 synonyma,
840 2086 910 2140 quibus
925 2087 1010 2138 vero,si

136 2180 146 2186 Δ,
175 2154 217 2180 rem
227 2152 272 2179 vere
282 2138 421 2187 aestimaveris,
437 2142 489 2188 non,
503 2139 537 2179 nist
550 2153 611 2180 unum
623 2141 745 2190 exprimitur.

149 2218 171 2270 sc)
185 2223 228 2263 Hoc
237 2219 293 2260 sacile
304 2215 383 2268 sentiet,
398 2218 431 2270 qui
443 2219 548 2257 contulerit
558 2219 640 2257 carmina
650 2218 756 2269 postatum¹
766 2219 898 2268 orientalium,
918 2233 968 2272 qtrae
979 2218 1009 2261 Io·

176 2288 209 2318 nes
219 2277 231 2316 s.
244 2287 258 2314 c.
271 2272 372 2321 erlnbuit,
395 2285 438 2312 cum
452 2273 574 2325 poematibus
588 2268 640 2310 szcsrr⁸
657 2270 768 2323 praesertim
782 2271 794 2311 fi
806 2275 918 2314 meminerit
933 2279 1009 2328 eorum,

177 2343 228 2383 quae
238 2343 273 2370 nos
289 2328 425 2368 admonuimus
437 2326 513 2380 pashm,
534 2337 556 2366 ut
567 2324 615 2366 iufra
630 2339 660 2365 ιι.
669 2326 699 2376 d).
726 2329 763 2367 Hic
777 2342 816 2367 uno
826 2338 902 2368 tantum
916 2332 1008 2384 exemplo

177 2385 259 2438 defungi
267 2383 323 2424 nobis
336 2384 396 2423 liceat,
426 2384 513 2423 Fuerunt
522 2381 607 2434 quidem,
623 2382 656 2434 qui
666 2392 764 2434 putarent,
778 2381 821 2423 [aas
834 2396 850 2427 t,
866 2396 894 2421 ιο.
902 2386 1009 2438 imaginem

176 2439 316 2480 audacisbmam
326 2450 435 2487 occurrere,
455 2439 500 2489 quia
509 2436 622 2477 locustarum
633 2435 719 2477 adventu
731 2449 780 2478 terra
790 2437 947 2488 contremiscere,
962 2453 1011 2480 coe·

177 2496 219 2535 lum
229 2494 313 2542 moveri,
328 2489 353 2533 sol
358 2523 363 2542 ,
375 2492 421 2532 luna
434 2501 454 2531 et
464 2491 529 2531 stellae
540 2488 746 2539 obscuraridicuntnr,
766 2491 835 2543 quibus
851 2492 939 2534 formulis
950 2497 1011 2536 etiam

181 2546 353 2588 Transitorio.
369 2546 465 2587 existimat
481 2546 520 2591 nis,
540 2546 573 2586 nis
592 2558 683 2598 magnam
701 2547 829 2586 calamitatem
850 2550 938 2599 exprimi.
973 2551 1013 2591 Sed

178 2604 248 2646 rebius
258 2599 293 2647 Gr.
302 2598 367 2643 Lacr.
377 2598 501 2644 Bauerusin
512 2598 548 2642 den
557 2598 628 2697 sleinpn
638 2598 750 2654 Propriam
759 2603 780 2647 Ρ.
793 2614 809 2646 ι.
820 2600 915 2655 observat,
934 2608 1014 2658 poetam

609 2661 644 2693 *2
982 2661 1015 2702 hic
