2462 3246
461 164 517 246 n,
555 169 603 241 a
639 168 699 247 „a
852 170 861 189 ·

125 298 166 368 Pst
175 311 214 365 89,
227 290 341 365 aosqqr‘).
375 298 437 348 Libet
447 298 513 347 ctiam
524 301 619 347 omnino
630 302 755 366 antiquiora
763 295 875 350 'vaticinia
886 293 911 349 er
925 304 1033 350 recentio.

124 372 184 419 ribus
199 367 318 433 explicare,
333 370 384 433 quia
399 364 529 432 polleriores
543 368 664 432 prophetae
681 371 783 433 priorum
800 367 887 416 oracula
903 365 1032 434 saeperita·

121 435 227 491 iliarum,
244 447 275 490 et,
285 453 336 483 curn
348 433 422 490 riade
434 432 528 480 oraculis
541 430 689 498 superioribus
703 437 863 500 cogitantibus,
881 437 925 483 Dei
940 439 1029 483 monitu

120 522 179 555 nova
192 503 230 551 lua
240 499 399 557 offunderetur,
409 518 446 558 ea,
460 517 515 566 quae
525 503 548 550 in
557 496 683 553 universum
693 500 760 553 essent
769 501 893 570 praedida3
906 504 1028 552 accuratius

115 574 185 633 'uetiam
193 569 351 619 definiverunt.
361 567 384 628 d)

147 693 171 744 a)
185 688 281 733 Nimirum
291 692 335 744 quia
343 691 363 731 in
375 692 399 733 N.
407 692 432 733 T.
443 698 546 733 occurrunt
556 691 631 738 multae
639 688 812 745 interpretationes
822 704 881 734 verae
889 689 1025 734 vaticiniorum
1068 688 1070 692 ὗ

116 753 118 770 ³
173 745 230 789 ateis.
240 761 279 786 non
289 747 316 786 est
326 746 466 798 improbabile,
478 759 510 787 eas
524 747 604 798 reperiri
613 746 634 786 in
645 746 734 797 quolibet
743 747 796 796 loco,
814 748 834 787 in
845 761 885 800 quo
895 746 984 800 Apostoli
998 760 1031 796 ex,

115 814 116 820 ¹
133 841 138 845 ,
171 804 198 844 V.
209 804 234 842 T·
244 800 315 854 aliquid
325 800 422 854 probent,
436 800 470 840 nib
482 800 516 852 ipti
530 801 561 841 vel
573 800 650 840 ratione
661 799 755 852 loquendi
766 805 896 851 commutata,
911 803 942 842 vel
950 799 1025 841 sormu-

152 873 154 876 ’
171 858 189 897 la
200 855 281 909 quadam
290 855 354 895 obiter
364 864 440 895 tantum
455 851 552 907 adspersa,
560 854 644 907 prodant
660 855 861 895 accommodationem
868 867 874 903 ς
892 866 925 896 aut
940 865 1024 895 contex-

171 923 202 952 tus
214 909 316 951 verborum
329 910 355 950 V.
365 911 391 949 T.
405 907 475 949 obstet.
503 905 603 949 Eiusmodi
612 907 714 961 vestigium
724 909 909 950 accommodationis
922 923 962 950 non
972 910 1023 952 inest

170 964 215 1007 Gal.
227 978 243 1013 a,
254 973 271 1007 82
287 961 375 1005 etl'auli
384 963 534 1016 explicationem
543 962 628 1003 admittit
638 958 696 1003 series
705 965 799 1003 orationis
806 962 852 1003 Gen.
862 976 892 1013 ια,
901 977 917 1005 ι.
935 967 1022 1015 atquein

168 1021 215 1061 locis
224 1019 328 1074 parallelis3
341 1019 382 1058 imo
392 1017 551 1057 vero'conterttus
564 1015 710 1069 quodammodo
723 1017 800 1058 ridetur
809 1018 919 1068 requirere,
934 1027 963 1068 ut,
975 1030 1021 1060 cum
1066 1058 1070 1061 Δ

167 1075 224 1115 Deus
233 1073 363 1127 praediceret,
373 1079 443 1124 quauta
453 1069 533 1113 felicitas
544 1081 633 1112 maneret
643 1070 748 1111 Abraltami
759 1071 903 1123 posteritatem,
913 1072 973 1124 etiam
982 1073 1021 1114 boc

114 1148 116 1152 ·
137 1133 139 1152 ³
163 1129 271 1180 adiiceret,
285 1138 375 1180 peream
387 1126 437 1166 adeo
450 1136 520 1179 gentes
531 1136 607 1166 exteras
620 1123 783 1166 fortunatumiti.
818 1126 1021 1177 Nequehancinter·

167 1189 298 1241 pretationem
309 1184 352 1228 ulus
361 1184 459 1240 loquendi
469 1183 541 1239 respuit
546 1196 552 1233 ,²
568 1185 605 1225 hoc
623 1194 700 1226 tantum
710 1186 780 1237 ducet,
794 1195 850 1227 tasas
867 1197 887 1227 et
901 1197 974 1228 sarano
988 1190 1020 1229 rel

164 1248 271 1302 lignificare
280 1261 316 1302 prr
325 1259 377 1297 eum,
386 1259 418 1288 aut
427 1258 463 1299 prr
472 1245 514 1286 rins
521 1245 637 1298 progeniem
641 1244 809 1299 firmatissimam,
819 1250 850 1290 vel
852 1244 875 1301 fr
880 1245 949 1300 felices
955 1261 1020 1302 prora

165 1301 269 1352 arcarum,
279 1304 310 1345 vel
319 1315 351 1347 eo,
360 1313 393 1342 aut
402 1301 445 1341 aias
450 1299 564 1353 posteritate
573 1301 792 1356 conatamoraaaajfiri
801 1313 833 1343 aut
843 1303 878 1342 utri
888 1302 933 1356 ipfis
940 1301 1020 1357 prospe·
1074 1311 1079 1317 '

165 1365 194 1398 ra·
208 1367 295 1411 quaeqae
308 1353 479 1408 appretiabantur,
501 1356 531 1394 cui
540 1354 650 1404 postremae
667 1357 792 1406 explicationi
802 1355 917 1404 triremem.
934 1368 971 1408 aa,
984 1371 1018 1403 ao.

162 1411 202 1461 Sed
213 1412 269 1451 nnius
279 1410 374 1449 formulae
384 1407 501 1458 ambiguitas
513 1407 597 1446 vaticinii
606 1405 682 1446 sensum
696 1422 736 1448 non
749 1410 815 1449 reddit
824 1410 951 1463 ambiguum
972 1426 1017 1453 cum

163 1462 203 1517 ipsa
211 1476 241 1504 res
253 1463 352 1516 loquatur,
367 1460 461 1513 posterius
471 1461 585 1514 naulorum
595 1458 803 1513 babrtille‚antequam
811 1461 892 1504 felicitas
903 1468 926 1506 ab
937 1466 1017 1509 ludaeis

163 1525 187 1566 ad
205 1534 274 1579 gentes
298 1534 374 1563 exteras
389 1519 437 1561 esset
454 1529 559 1574 propagata
571 1519 723 1572 „per-«Metram.
757 1524 853 1578 Ceterum
865 1535 899 1579 rut
913 1541 949 1581 pet
959 1524 1016 1567 ulum

162 1587 242 1640 linguae
252 1585 307 1626 hebr.
317 1582 388 1624 eodem
398 1579 450 1629 iure,
461 1594 500 1634 quo
511 1580 575 1623 vocab.
587 1581 694 1633 progenies
708 1584 729 1622 in
743 1579 860 1627 carminibus
877 1589 950 1638 latinis,
960 1585 1015 1642 posse

161 1639 247 1692 intelligi
256 1639 281 1680 de
291 1653 330 1680 uno
340 1650 364 1677 er
375 1636 467 1690 posteris,
482 1648 508 1678 ex
519 1634 566 1678 oar.
577 1648 596 1686 a,
606 1649 640 1683 ας.
657 1646 677 1676 et
688 1635 737 1677 Gen.
751 1651 784 1687 ar,
796 1652 825 1687 ις,
836 1652 873 1681 etc.
887 1655 962 1684 certum
979 1641 1016 1685 alb

80 1788 83 1790 .
135 1747 157 1801 b)
172 1750 198 1790 H.
207 1749 220 1788 l.
228 1747 339 1801 allegoriam
346 1744 441 1785 ‘viderunt
451 1743 508 1784 multi
520 1744 600 1797 antiquo
611 1740 633 1786 et
644 1744 709 1786 nostro
717 1756 808 1800 tempore
812 1763 818 1798 ;
834 1745 867 1790 sed
876 1750 914 1792 boc
922 1767 963 1794 non
972 1752 1014 1797 effe

156 1805 313 1845 ‘mortumentum
331 1798 499 1852 mytlrologicum‚
514 1799 633 1840 demonstrat
642 1797 779 1842 -Eicitloraius
791 1802 947 1858 (Ut-geschichte
960 1811 979 1849 P.
993 1823 1012 1853 2,

159 1857 264 1910 Riplsws·
274 1858 293 1895 [¹¹
304 1869 321 1902 a.
330 1869 350 1906 P·
362 1854 415 1902 ¹93.)
429 1864 496 1904 neque
505 1853 573 1894 veritas
583 1854 640 1896 buius
650 1857 764 1899 narrationis
780 1858 915 1907 labesasiatum
927 1862 940 1902 fi
951 1858 1014 1905 suma-

159 1924 202 1962 tor,
212 1912 249 1951 hoc
259 1907 298 1949 esse
306 1909 439 1966 fragmentum
449 1907 537 1947 carminis
546 1909 632 1960 antiqui3
646 1922 691 1948 narn
702 1907 747 1950 salva
761 1911 788 1951 est
803 1912 851 1954 fides
864 1917 970 1957 carminum
982 1919 1012 1960 hi·
1030 1947 1032 1949 ,
1091 1925 1093 1933 ’

136 1970 147 2006 '.
159 1967 282 2012 storicorum,
292 1979 303 2004 a
313 1959 370 2005 Mose
380 1958 524 2014 usurpatorum,
537 1962 582 2013 quia
596 1963 620 2003 iis
630 1962 661 2004 hic
670 1964 698 2004 vir
712 1965 791 2006 divinus
803 1981 843 2007 non
860 1966 926 2011 usurus
936 1970 1010 2025 fallier,

151 2021 193 2065 rnifi
205 2033 249 2062 vera
260 2016 329 2069 essent,
340 2017 422 2070 quaein
435 2016 458 2056 iis
469 2016 576 2056 traduntur.
617 2019 685 2069 Atque
695 2016 733 2071 ipsa
743 2021 797 2073 origo
810 2021 889 2063 istorum
900 2027 1010 2070 carminum

157 2076 236 2118 videtur
245 2086 313 2115 eorum
321 2073 423 2114 veritatem
435 2069 493 2111 nobis
505 2069 610 2124 praestare;
625 2086 670 2111 nam
680 2072 693 2113 li
704 2075 747 2125 quis
757 2087 816 2125 poeta
827 2078 969 2130 antiquissimus
977 2094 1011 2125 eas
1035 2108 1038 2114 .

156 2128 275 2177 sententias,
289 2141 336 2180 quas
344 2124 450 2171 Adamas,
466 2137 496 2173 eo,
512 2139 551 2178 quo
564 2135 605 2166 turn
615 2125 659 2167 fieri
683 2137 754 2176 metat,
770 2129 835 2180 modo,
850 2145 894 2172 cum
907 2136 961 2176 Deus
971 2134 1010 2176 iae.

169 2185 200 2223 ius
210 2182 277 2235 primis
287 2180 399 2220 bominibus
411 2191 503 2229 tanquam
513 2181 601 2220 monitor
613 2141 704 2232 praessm
721 2181 803 2230 adetl'er,
818 2199 828 2223 a
843 2189 926 2227 numine
941 2188 1008 2232 divino

156 2198 300 2291 {renunciatus
307 2242 426 2273 enarraverat
436 2230 516 2281 posteris
527 2230 573 2278 suis,
584 2234 669 2272 carmine
676 2233 756 2285 fimplici
766 2238 880 2289 complexus
891 2241 1007 2294 etl,=(quae

156 2290 237 2345 quidem
250 2289 316 2341 opinio
325 2286 372 2326 milri
382 2285 459 2326 videtur
471 2285 633 2330 verisimillima)
649 2300 689 2326 non
706 2285 803 2340 policamus
818 2291 892 2341 dicere,
907 2308 942 2345 ea,
956 2310 1008 2348 quae

155 2346 188 2388 ltic
197 2354 308 2391 narrentur,
319 2339 358 2381 esse
368 2339 416 2382 fida.
445 2338 505 2389 Quod
516 2351 542 2379 ne
554 2341 570 2379 ei
584 2340 663 2392 quidem
674 2339 808 2393 cancellatim,
819 2348 850 2397 qui
861 2348 910 2389 mibi
924 2350 1008 2392 demon·

155 2399 253 2448 straverit,
267 2395 376 2450 serpentem
385 2410 426 2435 nnn
434 2406 479 2434 vete
493 2391 531 2434 else
540 2395 638 2440 locutum¹
648 2397 693 2448 quia
704 2399 740 2452 bor
748 2395 814 2438 saltem
823 2402 919 2452 largiatur,
930 2401 1007 2447 necefl'e

155 2454 191 2502 est,
201 2466 246 2493 eum
257 2452 287 2492 vel
298 2450 478 2504 tangendaarbore,
486 2449 516 2488 vel
526 2448 609 2489 fractam
621 2453 702 2502 impune
712 2454 835 2494 comedendo
843 2455 1007 2509 elsecilie‚trtEva

155 2509 221 2551 omnia
229 2507 261 2548 illa
272 2509 371 2560 cogitaret,
413 2507 463 2546 Nam
478 2500 521 2545 nius
534 2504 628 2557 loquendi
642 2505 721 2559 linguae
737 2509 838 2559 antiquae,
853 2525 903 2563 quae
916 2513 1006 2557 indolem

156 2561 248 2605 orationis
258 2560 335 2612 puerilis
360 2559 422 2610 rodit,
439 2559 488 2599 hanc
497 2572 577 2611 quoque
588 2559 738 2611 explicationem
749 2561 845 2607 admittit:
863 2570 906 2615 quia
916 2565 949 2608 ista
960 2566 1006 2610 sen-

154 2618 226 2662 tentia:
235 2611 316 2668 saa-prm
325 2574 399 2670 efficit,
409 2612 487 2658 rtErn
496 2610 543 2659 iaec
552 2612 663 2669 rogarat,
673 2617 704 2660 vet
709 2613 793 2672 sapam
802 2615 855 2674 ursus
864 2619 889 2676 ψ
898 2621 1006 2666 pmcpm

883 2729 886 2734 4
934 2674 1005 2729 arcere,
