2462 3246
439 150 674 233 *ui-&effi
855 100 860 105 -
969 163 1002 231 63

94 273 98 277 i
143 283 149 293 ⁹
168 286 210 333 'niis
216 275 334 342 imperanti,
352 286 459 334 certevll.
475 298 536 338 enims
550 284 637 326 'tribuere
651 279 729 327 debent
735 292 756 328 et
767 282 842 337 solent,
860 288 899 342 qul,
912 283 1005 330 Darium

170 344 213 399 post
222 340 343 393 Babylonem
351 353 426 393 ceptam
435 344 460 395 ll.
469 354 530 381 annos
539 347 605 391 rerum
615 337 708 382 summam
721 343 771 394 apud
781 343 848 397 Babyl.
859 342 955 393 tenuisse,
964 345 1001 385 na·

169 408 235 440 tuum.
263 396 294 439 Cs.
311 392 384 450 Usserii
396 395 470 438 Annos.
486 406 507 434 et
521 392 670 437 Calmetilneo.
689 392 779 439 Citronol,
791 411 815 450 ps
824 407 856 438 20.
888 401 930 439 Aut
943 398 957 439 sn
970 398 1003 439 rel

119 467 123 478 ¹>
168 452 256 494 maxime
265 451 310 492 huic
320 449 387 499 Anna,
394 455 429 504 per
441 464 477 491 nos
489 450 571 500 liceret,
585 460 708 502 repugnante
719 448 786 503 Eser,
806 452 839 504 qui
853 464 868 492 e.
885 465 901 502 r,
919 465 942 495 rr
950 453 1003 502 dicit,
1042 491 1044 494 .

167 506 220 548 airino
229 506 293 559 primo
304 501 353 557 Cyri
363 504 477 559 imperantis
485 503 561 543 Iudaeis
574 502 690 554 potestatem
706 505 726 545 in
738 506 819 557 patriam
828 507 1003 549 redeundidatam

167 556 215 609 elie,
229 573 272 601 curn
284 558 393 611 Scaligero,
409 558 647 611 (cnjus'compurationem
658 559 702 600 ride
710 560 730 599 in
739 556 851 607 Soliraderr'
863 559 905 602 tob.
914 560 1001 605 eliranni,

131 635 132 638 ¹
148 630 149 633 ¹
168 614 238 655 collato
252 612 353 666 Scaligeri
365 619 426 668 opere
439 613 463 653 de
477 608 551 653 entend.
564 612 639 665 ternp.',)
652 610 739 663 sumere,
760 613 836 665 Cyrene
849 615 929 657 demum
946 630 1002 658 atino.

162 668 237 710 ,mann
251 681 285 716 ³4¹
290 683 301 718 9
312 667 398 709 Iardanos
407 664 578 720 exilio-liberasse,
594 677 614 706 et
627 680 679 708 anno
692 663 744 720 sequ.
759 669 779 708 in
795 670 871 721 proelio
886 668 1001 720 occubuisse,

167 724 187 764 ei
198 724 338 777 tamenlargiri
348 738 388 764 non
402 720 509 776 possemus,
528 718 620 761 Darium
637 719 721 763 Mediana
736 736 787 762 anno
799 723 925 776 praecedente
938 738 1001 779 reguo

166 773 218 828 Bon
229 777 347 831 praesellum
358 777 461 829 statimque
469 779 568 815 mortuum
580 774 628 823 eise,
643 787 686 816 cum
700 773 742 828 ipse
755 774 847 831 Scaliger
863 779 942 829 statuat,
964 777 1002 832 Cy·

116 854 117 857 ¹
167 843 214 873 runt
224 833 263 883 jam
277 846 308 873 an.
321 843 351 873 m:
362 844 419 878 34¹1·
433 828 554 882 Babylonem
569 823 649 883 cepisse,
667 844 728 882 aquo
746 835 836 884 tempore
847 835 877 873 rel
888 831 950 884 solus,
969 833 1001 875 rel

167 899 212 928 cum
229 883 296 925 Dario
311 887 433 940 regnaverit,
453 883 575 926 necesseesi.
606 887 658 938 Ergo
676 884 723 925 haec
738 887 874 938 interpretatio
884 890 943 939 plane
958 901 1000 928 non
1030 911 1033 916 .

118 956 119 959 ¹
156 939 392 994 potestconcjliaricum
407 940 538 993 chronologia.
572 940 643 992 Neque
662 947 725 991 nrtrtp
745 940 869 993 urppotest
884 942 922 983 dici
935 942 1001 982 aliare

166 992 280 1049 holocausti,
298 994 414 1041 exiiensium
428 991 474 1044 Esau
491 1006 506 1043 3,
525 1006 542 1040 a.
569 994 645 1033 Liceret
658 994 738 1048 quidem
750 1008 786 1048 per
798 1008 856 1035 ullam
866 994 999 1049 septimanam,

166 1064 185 1092 r.
195 1063 226 1096 27.
240 1061 423 1098 commemoratam,
438 1049 550 1101 intelligere
560 1047 696 1099 hebdomada,
715 1050 775 1092 LX-II.
789 1050 830 1090 illas
843 1052 934 1101 proxime
950 1052 1002 1090 exci-

165 1105 266 1159 pientem,
294 1118 331 1159 qna
347 1105 415 1158 templi
429 1102 557 1144 fundamenta
573 1099 616 1142 sunt
635 1103 697 1154 jactat
721 1102 753 1144 led
766 1104 865 1156 quomodo
878 1104 948 1145 eadem
957 1100 1001 1157 pos-

115 1169 116 1172 ’
165 1157 188 1200 fit
198 1155 337 1199 dicisocrificiis
347 1157 407 1199 finem
417 1155 534 1210 imposuilse,
550 1169 575 1195 ex
589 1155 665 1198 historia
678 1172 718 1198 non
734 1158 811 1199 constat,
844 1160 922 1199 Durum
938 1160 999 1199 etiam

166 1212 205 1260 esi,
218 1209 294 1253 sumere
308 1223 353 1253 netu
367 1211 405 1253 else
416 1209 539 1264 Conilrrjsen,
548 1211 592 1263 qui,
605 1209 657 1252 firel
667 1214 752 1253 maxime
761 1210 859 1253 indulserit
869 1212 1000 1266 impedimen·
1066 1239 1068 1242 .

165 1278 185 1309 ta
194 1266 378 1311 urbiinstaurandae
388 1267 537 1318 objicientibus,
553 1278 596 1304 eam
608 1269 673 1307 'tamen
685 1281 724 1317 non
734 1267 798 1320 potest
807 1267 843 1306 dici
854 1265 937 1308 vastasse.
965 1269 999 1307 Er-

112 1359 114 1362 .
170 1335 195 1375 go
211 1333 260 1360 nanu
278 1323 298 1361 h.
307 1325 319 1363 l
330 1337 371 1362 non
384 1323 461 1362 videtur
475 1319 514 1359 esse
529 1317 606 1368 Cyrum
627 1333 709 1360 aurern
723 1320 802 1361 Meffias
817 1321 840 1360 sn
853 1321 1000 1374 intelligendus,

165 1388 191 1416 ex
201 1375 298 1415 attributis
307 1390 347 1415 non
357 1375 421 1426 potell
430 1373 513 1412 definiri.
541 1374 591 1410 Nam
602 1372 671 1411 dicitur
681 1374 761 1423 quidem
772 1374 857 1413 violenta
870 1386 935 1414 morte
946 1375 1000 1428 peri·

113 1440 114 1443 ’
165 1439 219 1470 tinus
224 1445 231 1478 3
244 1426 277 1468 sed
287 1428 399 1480 quisdicat,
415 1427 452 1467 hoc
461 1426 535 1466 nemini
547 1435 625 1476 praeter
634 1438 679 1464 eum
689 1423 792 1466 accidisse?
809 1429 841 1467 An
851 1441 897 1469 vero
910 1429 999 1481 reliquo-

53 1499 56 1507 ,
114 1509 116 1514 ·
165 1489 219 1532 rum,
238 1495 288 1537 quae
305 1483 336 1523 hic
350 1491 443 1522 euentura
457 1481 557 1527 dicuntur,
576 1476 636 1519 caussa
651 1479 737 1522 Christus
750 1480 773 1521 fit
786 1479 875 1532 futurus,
893 1482 913 1524 id
928 1483 999 1536 nequit

165 1536 251 1595 pstendi,
265 1536 299 1576 nis
311 1549 336 1576 erc
346 1536 471 1588 chronologia
481 1544 501 1574 et
513 1532 590 1574 historia
600 1542 677 1585 pateat,
697 1535 793 1584 numeru,
808 1535 840 1576 hic
851 1535 953 1590 appofitis,
969 1539 999 1579 in·

165 1591 224 1632 dicari
233 1590 280 1632 illud
289 1603 379 1644 tempus,
393 1603 432 1642 quo
443 1587 521 1629 Melias
534 1600 567 1634 ea,
585 1600 636 1639 quae
646 1588 678 1628 hic
692 1600 879 1641 commemorantur,
898 1592 998 1645 praestite-

115 1666 116 1669 ¹
164 1646 196 1687 rit.
222 1644 361 1687 Hebdomadas
371 1658 407 1698 per
421 1641 580 1693 ultimaequendi
593 1641 613 1681 lr.
625 1643 637 1681 l.
652 1641 757 1695 siguificare
769 1642 879 1697 septennia,
896 1648 936 1698 jam
950 1645 999 1688 vidi·

164 1714 215 1742 mus.
244 1703 332 1740 Temere
341 1713 388 1753 ergo
403 1697 500 1748 Origenes
510 1694 574 1737 lromil.
587 1710 618 1746 29.
627 1697 649 1737 in
660 1694 734 1737 Morta.
749 1695 824 1750 septem
834 1709 930 1741 annornm
939 1700 999 1741 deca·

165 1754 206 1804 das,
219 1764 239 1795 et
250 1751 322 1794 Itrdnei
332 1754 410 1807 quidam
420 1752 504 1794 totidem
515 1751 578 1806 cyclos
587 1751 676 1802 jobeleos
684 1752 803 1806 intelligunt⁴
832 1755 873 1793 Nec
882 1755 945 1808 magii
953 1767 997 1807 pro·

165 1809 229 1850 banda
238 1808 266 1850 eil
275 1807 365 1862 Bengelii
374 1809 451 1861 opinio,
469 1816 592 1900 propupnara
605 1821 615 1847 a
627 1803 693 1858 Craſso
705 1803 767 1847 Tileol.
778 1805 850 1859 propa.
862 1823 881 1861 p.
896 1822 941 1855 411.
955 1807 998 1861 sqq.

164 1866 202 1917 qua
213 1875 300 1916 recepta,
320 1862 444 1903 statuendum
456 1859 512 1909 esset,
538 1861 631 1912 eptennia
646 1862 677 1900 illa
693 1860 765 1915 iugula
780 1863 882 1915 complent
895 1863 938 1904 sere
951 1864 996 1903 oea

164 1931 259 1958 antrorum
268 1917 372 1968 periodos,
386 1928 408 1957 ut
419 1917 454 1956 hac
468 1916 543 1955 ratione
556 1927 601 1961 490.
613 1916 658 1954 anni
673 1915 774 1955 conficiant
790 1919 933 1969 propemodum
950 1919 996 1961 556.

122 1993 127 1999 -
164 1974 192 2013 Ea
200 1973 253 2012 enim
262 1971 354 2012 abhorret
364 1971 388 2011 ab
399 1971 454 2011 omni
463 1966 496 2009 usu
510 1970 561 2009 ritae
571 1972 689 2018 communis,
711 1982 769 2022 quem
782 1971 889 2023 prophetae
902 1986 942 2012 non
955 1981 998 2024 pot.

164 2038 219 2066 eruut
235 2028 349 2079 negligere,
366 2025 461 2066 fivellent
475 2023 564 2075 intelligi.
594 2023 632 2080 Sed
642 2025 749 2076 quaeritur,
762 2026 828 2077 quales
841 2028 887 2066 anni
902 2028 921 2067 h.
935 2027 947 2068 l.
958 2026 996 2067 fint

164 2080 292 2123 numerandi?
306 2083 357 2121 Nam
367 2076 489 2133 Africanae,
504 2091 562 2130 quem
572 2075 643 2129 Erpa.
657 2076 771 2118 ilrendoret.
785 2076 854 2130 Beda,
874 2082 918 2129 alii,
933 2093 996 2133 nuper

114 2157 116 2160 v
164 2136 223 2173 etiam
236 2133 409 2175 sllicleaelislecuti
422 2133 476 2179 lunt,
496 2132 572 2181 statuit,
585 2131 739 2174 indicat-ianuas
756 2135 839 2176 lunares.
871 2137 913 2175 sam
928 2135 997 2189 negari

178 2187 243 2227 uidem
252 2202 291 2227 non
303 2187 376 2240 potest,
391 2186 453 2228 Hebr.
464 2185 506 2226 ulos
517 2185 556 2227 elie
565 2186 663 2227 menaeus
672 2188 770 2227 lunaribus
775 2202 781 2234 3
796 2186 828 2228 sed
838 2187 921 2229 formam
929 2189 996 2242 direr-

163 2201 202 2283 iam
213 2255 320 2290 annorum,
335 2242 386 2295 apud
399 2243 458 2282 varias
472 2251 543 2293 gentes
559 2239 700 2287 mundalium,
717 2254 779 2281 aureos
795 2241 845 2293 ipsos
859 2257 899 2283 non
913 2255 995 2292 mutare,

164 2298 237 2350 quippe
247 2298 280 2349 qui
289 2294 366 2349 semper
375 2296 399 2338 acl
410 2297 458 2336 coeli
469 2292 605 2346 tempestatem
615 2294 707 2342 revocari,
723 2297 853 2337 intercalando
865 2299 921 2338 annis
933 2289 996 2337 solari·

163 2352 200 2403 bus
210 2352 301 2404 aequales
313 2351 385 2392 redditi
394 2351 441 2401 snt,
456 2351 513 2390 docet
522 2346 623 2388 Fraraleins
632 2349 652 2389 in
659 2346 725 2403 praefi
739 2361 789 2389 novo
797 2348 899 2403 syllernnli
914 2349 998 2392 clerone»

163 2405 226 2456 logico
237 2405 346 2458 praemisa,
361 2407 465 2447 addicente
476 2402 589 2445 Gallerero.
618 2405 688 2456 Neque
703 2405 806 2457 periodum
819 2408 875 2447 LXX.
889 2407 996 2448 hebdoma-

105 2469 114 2488 '·
164 2460 211 2501 dum
224 2458 264 2501 eli'e
273 2460 327 2513 poli'e
338 2474 392 2502 mere
401 2461 499 2508 lunarem,
512 2459 565 2499 idem
575 2459 586 2497 l.
600 2471 617 2509 1,
632 2472 648 2499 1.
658 2461 674 2509 ᾗ.
686 2467 702 2501 8.
713 2470 788 2499 monet.
816 2463 873 2501 Porro
883 2476 893 2503 a
903 2463 997 2502 ritatem·

163 2515 219 2563 muni
226 2515 309 2556 alienam
323 2513 362 2555 eise
371 2515 537 2567 computationem
548 2514 652 2566 temporis,
668 2527 718 2565 qnae
728 2511 771 2554 solis
785 2518 841 2556 arnna
855 2516 952 2556 lunaribus·
962 2516 997 2556 de·

163 2578 238 2618 currat,
252 2569 310 2610 docet
320 2569 383 2611 Velio.
394 2570 405 2611 l.
416 2584 431 2612 c.
441 2584 460 2623 ρ,
470 2582 488 2617 9.
517 2570 558 2609 Iam
568 2569 648 2621 quidem
658 2581 683 2608 ex
698 2582 715 2608 v.
727 2582 759 2612 ας.
772 2565 815 2610 satis
830 2571 905 2618 elucet,
919 2568 997 2623 septen-

118 2670 120 2673 ,
162 2625 195 2668 nia
203 2622 237 2666 ista
246 2624 368 2667 numeranda
378 2623 417 2668 esse
425 2624 472 2668 inde
481 2622 506 2665 ab
516 2624 612 2674 annaeo,
626 2636 665 2676 quo
677 2622 762 2665 edilium
776 2624 802 2665 de
812 2624 865 2676 urhe
874 2624 996 2667 instauranda

949 2677 999 2723 essct
