2462 3246
241 153 275 245 ιε
578 178 823 272 ture

296 313 467 370 fignificatiouibus
478 313 585 368 allegoricis
594 312 680 360 inuoluta
695 308 743 360 esse,
754 309 885 359 contendant3
899 307 932 351 sed
941 323 957 353 c.
967 325 985 360 4.
993 311 1108 368 allegoricae
1116 316 1145 357 fn.

295 372 431 423 terpretationi
444 366 484 421 ipse
492 370 592 422 indulget.
601 370 661 417 atque
670 366 720 406 adeo
734 377 750 407 c.
760 363 842 418 Faustin
852 368 905 412 css'aa
918 371 1039 419 pronunciat,
1049 373 1114 420 tottam
1123 369 1145 411 il·

297 425 334 466 lud
342 422 425 476 ragnum
438 418 645 476 propitaticutnfltiffa.
673 423 746 471 Neque
756 420 831 465 nostrae
841 421 900 461 aetati
912 421 993 474 duplicis
1007 420 1071 467 seusus
1083 423 1146 467 fanto.

298 493 327 521 res
336 476 410 528 deesse,
421 477 479 519 docet
489 476 568 532 Laffins,
579 479 590 517 l.
601 490 617 516 c.
627 491 646 528 p.
657 477 701 523 869.
711 472 739 527 sq.

269 559 290 612 b)
303 563 346 601 Hoc
356 559 427 600 docere
437 556 513 612 possunt
523 558 657 604 commentarii
667 554 825 605 Cocceiauotum,
834 570 851 597 v.
862 569 876 595 c.
881 554 993 609 Salomonis
1002 558 1040 598 vuit
1053 558 1086 611 Til
1094 557 1148 602 Cont-

296 618 355 656 meni.
366 613 386 654 itt
402 610 435 666 Pſs
446 614 479 666 qui
492 613 523 653 vei
534 627 567 653 eos
582 609 672 663 Plfquos
683 610 830 664 Davidemgper
838 611 921 663 aliquam
927 611 1062 662 >sectationem,
1073 617 1097 659 ,in
1108 613 1147 667 ipsa

215 688 219 703 ἰ
275 678 277 682 ·
297 667 423 722 inscriptione
432 669 541 722 indicatam,
553 663 685 720 composuisse,
692 665 774 713 constat,
785 665 809 705 ad
818 666 912 706 Messiant
923 664 993 713 refert,
1004 666 1081 722 lingens
1091 670 1148 710 nimi·

204 747 206 749 v
232 770 234 773 ¹
295 738 340 765 runt
352 722 447 764 Davidem
458 734 550 775 tanquam
561 731 632 777 typum
642 720 711 779 Christi
722 718 761 769 eise
770 719 941 763 locutun.·C0uf.
951 718 978 764 ts.
990 734 1013 777 3,
1043 737 1044 740 ’

1170 773 1179 794 ,

268 804 289 857 t)
301 805 353 850 ,Vid
369 796 455 850 Grotius
468 804 493 845 ad
505 800 539 857 Ps.
552 807 582 852 16,
598 805 628 842 to.
642 798 677 855 pfl
687 807 718 851 aa,
735 814 751 842 1.
762 798 796 852 Pf
807 814 839 847 45,
852 814 868 843 ι.
885 812 906 842 et
919 802 997 855 passm,
1012 801 1148 844 eternitatis
1165 793 1170 800 “

295 872 341 901 vora
353 857 405 913 Gaui
415 857 510 899 ura-an
523 857 588 910 Poefia
602 861 621 898 P.
633 860 648 897 Ι.
662 868 736 909 paaaa
746 854 762 896 s.
789 858 834 905 Nou
844 856 876 897 abs
888 869 909 896 re
920 858 965 906 erit,
982 857 1012 897 liic
1030 871 1148 898 commemo·
1180 874 1184 881 ·’

257 925 260 934 ¹
296 928 339 956 rate
348 917 452 954 Venentae
461 913 652 966 opinionem-quant
661 911 684 951 ad
697 908 722 951 Ps,
734 923 757 947 22
770 912 862 961 exponit,
875 912 905 950 cui
919 924 982 962 veram
997 912 1146 966 ambiguitatem

295 972 363 1011 aDeo
372 968 469 1007 incluslam
480 968 575 1018 opinatur,
605 964 716 1006 Contendit
731 965 795 1011 enini,
808 965 903 1005 Davidem
920 967 940 1005 iu
952 966 988 1006 hoc
998 969 1082 1007 carmine
1096 980 1148 1007 com·

294 1022 389 1076 ponendo
400 1022 472 1073 Spiritu
482 1021 585 1061 divino-ita
595 1018 634 1059 esse
648 1019 737 1064 dossum,
752 1029 774 1057 ut
787 1018 867 1058 cum-de
880 1016 900 1058 se
915 1020 1037 1072 loqueretur,
1052 1022 1107 1062 fimnt
1121 1021 1147 1061 de

294 1077 365 1119 Meuia
377 1076 460 1129 intelligi
472 1073 545 1127 p‘oii'et,
555 1071 645 1126 adspersis
656 1074 715 1113 etiam
726 1073 837 1117 nonnullis,
852 1086 903 1125 quae
912 1076 990 1126 proprie
999 1078 1019 1115 in
1029 1073 1068 1116 solo
1079 1076 1148 1116 Messra

296 1133 372 1171 exitum
382 1130 492 1171 habuerint.
511 1129 583 1169 Tutius
594 1142 640 1169 vero
648 1127 683 1176 est,
692 1140 717 1166 eit
731 1124 826 1166 eiusmodi
835 1129 887 1167 notis
897 1129 993 1181 colligere,
1004 1130 1101 1171 Christum
1113 1143 1149 1182 pet

296 1196 361 1279 totusm
375 1181 403 1225 Ps.
413 1183 545 1238 loqui,'quod
554 1184 634 1241 agnouit
644 1183 703 1223 etiam
717 1178 832 1234 sstzoppt'uS,
848 1195 905 1235 quam
916 1184 986 1224 eadem
1000 1184 1058 1237 rerba
1073 1185 1147 1226 duabus

296 1253 331 1292 per
340 1241 382 1281 ouis
398 1238 490 1280 tribuere.
541 1244 543 1248 “
621 1240 623 1244 “
914 1242 916 1247 ’

269 1331 295 1385 d)
308 1336 368 1384 Nam,
380 1332 447 1373 sltem
459 1344 505 1373 vere
515 1331 653 1382 aestimator-is,
664 1333 723 1373 etiam
736 1332 755 1372 in
766 1333 909 1386 aenigmatibus
924 1342 944 1372 et
951 1333 1047 1387 ambiguo
1057 1332 1146 1383 sermone

287 1393 347 1437 ,tatius
360 1399 436 1427 tautum
448 1400 504 1427 uerus
515 1384 580 1425 sensus
590 1387 646 1425 latet.
674 1388 803 1437 Quantopere
813 1400 858 1425 uero
868 1384 931 1425 sensus
941 1387 1014 1438 duplex
1024 1388 1126 1427 abhorreat
1136 1403 1147 1429 a

240 1449 243 1485 ζ
295 1439 351 1481 seusu
362 1441 474 1490 communi,
484 1438 603 1493 demonstrat
616 1437 676 1479 Tetra
689 1437 718 1479 ud
729 1438 832 1478 Tarratirii
841 1438 864 1478 iia
868 1436 909 1492 scr.
915 1436 986 1492 script.
1000 1439 1147 1493 iarie‘rpreia'tt'o-

294 1496 387 1537 narrati.
398 1510 417 1548 p.
429 1493 474 1544 i09.
503 1492 562 1535 Cous.
572 1507 653 1545 quoque
664 1492 784 1534 (liteinins.
797 1506 844 1547 up.
857 1507 901 1541 145,
920 1504 941 1534 et
953 1493 1038 1537 nostram
1053 1494 1146 1546 introdu-

296 1547 468 1602 l’siouembeifioui
476 1559 542 1600 germ.
553 1546 630 1588 Caiatia
641 1545 716 1590 cantic.
728 1546 855 1602 praemittam.
1135 1547 1137 1549 ’

243 1652 244 1655 ’
268 1644 290 1694 e)
308 1645 334 1687 V.
347 1657 363 1685 c.
376 1656 420 1685 cum
428 1642 500 1685 lesaiae
511 1643 577 1684 animo
587 1653 687 1683 commoto
697 1654 712 1684 c,
724 1643 756 1693 63,
767 1641 833 1696 t.'sqq.
845 1642 935 1693 obiicitur
944 1644 1009 1698 imago
1019 1645 1067 1693 eius,
1078 1645 1111 1698 qui
1122 1646 1149 1686 ri·

296 1700 375 1740 sloriam
387 1699 411 1740 ab
421 1699 518 1740 Edomitis
527 1698 632 1751 aliquando
648 1695 695 1753 esset
705 1708 851 1750 reportaturus,
868 1699 932 1752 potest
942 1700 1035 1751 quidem,
1052 1696 1147 1741 suadente

294 1751 374 1795 Duilio
383 1754 434 1795 adh.
446 1755 459 1793 l.
469 1751 528 1799 sumi,
538 1766 578 1792 non
590 1762 666 1792 tautum
679 1751 746 1791 Iudam
755 1751 899 1802 Maccabaeum,
912 1751 945 1792 sed
955 1756 1014 1794 etiam
1023 1767 1092 1795 ornnes
1104 1756 1146 1795 eius

242 1853 243 1857 Ἰ
294 1806 421 1854 successores,
433 1810 467 1861 qui
477 1809 581 1854 Idumaeos
590 1804 716 1859 superarunt,
727 1806 817 1851 iudicari,
836 1807 888 1858 quia
896 1820 932 1859 per
947 1807 1040 1848 urionem
1055 1812 1147 1860 opticam,

295 1863 333 1910 (de
343 1877 380 1917 qua
389 1861 460 1903 consuli
471 1861 534 1915 potest
546 1857 683 1914 Vesilruseniut
693 1861 714 1901 in
724 1874 789 1915 progr.
800 1857 824 1900 da
831 1860 895 1912 aprica
904 1873 975 1906 roranti
982 1860 1107 1916 saturarum
1116 1861 1148 1914 de<

232 1921 243 1934 ²
290 1913 363 1971 scrt'pot.
374 1920 424 1965 1776
435 1918 477 1965 ed.)
490 1917 578 1968 omnium
588 1916 680 1956 vislotum
691 1916 755 1968 imago
766 1926 843 1967 poterat
858 1918 878 1967 in
893 1925 953 1962 unam
969 1917 1019 1970 quas
1039 1918 1146 1971 corrfluere,

294 1985 339 2012 cum
350 1960 370 2013 ei
380 1977 448 2012 eoruin
460 1982 481 2011 et
492 1971 620 2017 vidior-iarum,
630 1970 653 2010 ab
669 1971 805 2022 iispattaruto,
816 1972 900 2010 maxima
911 1969 958 2010 eli'et
971 1971 1082 2013 smilitudo.
1124 1974 1144 2013 Si
1184 2011 1186 2014 Α

295 2029 392 2077 quievero
405 2024 719 2079 putet,fimulindicatilllelliam
731 2037 769 2076 ego
783 2024 939 2075 existimaverim,
953 2038 978 2065 ne
988 2037 1089 2077 poetarum
1103 2028 1145 2077 qui·

246 2100 248 2103 ·
295 2078 406 2123 dentulum
418 2082 454 2126 hoc
464 2081 593 2132 permittere,
600 2080 644 2131 quia
654 2089 695 2118 tum
707 2088 727 2117 et
736 2078 812 2117 vilioris
822 2088 842 2116 et
856 2079 945 2119 uilior-iae
958 2081 1013 2120 notio
1029 2080 1106 2133 propria
1123 2090 1144 2122 et

295 2136 369 2187 tropica
379 2131 448 2174 iisdem
464 2133 529 2174 verbis
539 2133 612 2177 eodem
629 2135 671 2172 loco
687 2129 773 2184 expressa
786 2128 908 2176 sumeretur,
929 2156 930 2159 =
1108 2143 1111 2145 ·
1134 2161 1135 2164 =

262 2224 290 2281 f)
305 2229 336 2269 stc
344 2243 361 2271 v.
372 2241 386 2269 c.
397 2224 424 2268 Pl.
434 2230 466 2271 68.
474 2242 492 2269 v.
505 2233 530 2274 3'0
543 2227 612 2281 templi
625 2223 684 2267 caussa
696 2220 754 2280 ‘teges
769 2225 858 2268 dicuruur
871 2223 915 2269 Deo
929 2228 981 2269 dona
994 2230 1078 2279 allaturi,
1090 2230 1148 2282 quod.

293 2285 370 2323 exitum
379 2282 452 2323 habere
463 2282 527 2336 coepit
537 2282 599 2322 statim
611 2280 653 2335 post
665 2283 744 2321 exilium
755 2280 906 2333 Rabylooiettse,
918 2286 946 2323 uti
954 2281 1062 2337 ,ldiappi'as
1071 2285 1093 2325 ad
1104 2285 1142 2328 iul,

294 2338 425 2387 demonstrat,
438 2351 481 2377 cum
492 2349 512 2377 et
521 2350 579 2389 reges
589 2334 685 2376 Persarum
699 2351 733 2388 pro
746 2334 764 2375 se
777 2334 918 2389 Hierosolymis
933 2335 1019 2378 sacrificia
1033 2337 1098 2379 ofserti
1110 2341 1146 2380 iu?

243 2397 246 2401 ’
292 2389 375 2441 betent,
389 2403 409 2432 et
419 2404 475 2444 reges
484 2391 567 2431 Arabiae
575 2389 648 2436 felicis,
657 2391 754 2441 multique
764 2391 821 2430 vicini
831 2392 947 2444 religionem
960 2393 1054 2433 iudaicam
1068 2396 1142 2448 ample·

244 2444 245 2448 ’
293 2446 401 2493 &eremum
414 2459 483 2486 vetum
495 2446 537 2497 quis
549 2455 620 2498 neget,
633 2444 664 2484 ltic
676 2444 730 2483 fimus
745 2444 835 2490 indicari,
851 2445 902 2495 quod
919 2446 938 2485 in
950 2448 973 2486 N·
983 2449 1007 2488 T.
1025 2447 1143 2496 eli'eteueu·

292 2501 374 2541 turum?
389 2504 459 2542 ‘Porro
469 2514 484 2541 v.
498 2513 528 2545 at.
539 2510 639 2554 magnates
654 2502 733 2550 quoque
743 2500 809 2550 (quam
825 2501 1007 2551 interpretationem
1020 2504 1075 2548 trulla
1089 2502 1142 2542 labo·
1207 2523 1208 2526 =

291 2568 333 2596 rare
342 2554 468 2606 difficultate,
483 2554 550 2596 docuit
564 2554 692 2596 Scinturrerus
707 2554 726 2593 in
742 2550 788 2605 disp.
799 2554 819 2593 in
834 2551 861 2594 Ps.
871 2557 901 2602 63.
912 2553 935 2608 p,
950 2556 994 2606 4¹·)
1008 2570 1033 2598 ex
1046 2560 1141 2609 Aegypto

291 2612 367 2650 venturi
378 2611 491 2664 pinguntur.
519 2610 563 2660 Qua
580 2609 662 2651 formula
679 2619 699 2648 et
710 2608 828 2662 religionem
842 2608 936 2649 iudaicam
950 2613 970 2653 et
983 2611 1101 2654 christianam
1116 2624 1142 2651 ex

290 2661 340 2718 urbe
356 2662 532 2728 Hierosolymitana
545 2666 565 2712 iu
577 2668 694 2721 Aegyptum
710 2662 960 2724 ttaufitutamsguilicari,
971 2665 1035 2720 potest
1046 2664 1141 2725 ⁴etdebet

510 2728 512 2731 '
1024 2732 1025 2735 ’
1072 2732 1142 2765 conce·
