2462 3246
262 164 333 237 oe

589 163 646 243 ru
681 89 825 245 sor

322 297 406 355 (lontio)
420 295 519 351 Babylone
528 295 622 338 ueletiam
632 295 681 347 esse,
700 298 732 348 ut',
745 297 828 338 beriam
836 297 881 339 illue
890 295 979 347 uenisset,
992 307 1085 355 tanquam
1094 301 1115 342 in
1124 297 1156 343 fita

320 357 396 400 deverti
407 352 474 407 posset.
503 353 577 393 Eadem
583 351 627 392 'fere
639 353 735 393 rationes
748 365 766 399 7.
777 365 792 394 c.
805 366 823 403 5,
839 365 869 399 35.
880 341 934 394 sociis
950 367 1026 406 rerum,
1044 370 1054 396 a
1066 347 1085 409 se
1095 356 1157 410 gesta-

321 425 375 459 rum,
392 419 434 449 tum
448 409 493 448 alias
510 408 590 455 domus,
607 418 650 447 tum
661 407 776 459 ,principum
792 407 851 449 aedes
863 407 978 462 distribuisse
991 411 1080 455 dicitur(
1100 413 1156 450 Hauc

319 470 359 510 vim
369 466 423 505 euim
436 459 502 514 α’ςχεῖα
515 462 598 509 habete,
613 472 681 501 monet
691 458 758 501 Zettrt
771 461 792 501 in
806 459 850 501 lad.
864 474 883 502 et
898 462 957 502 docet
966 460 1052 508 ‘Witer
1066 464 1089 504 ad
1097 462 1157 508 Tito·
1216 471 1218 473 ’

314 528 373 564 mom
383 534 401 570 p.
415 530 459 563 roo.
485 517 579 558 Ceterum
589 513 683 556 *Dorium
698 514 753 557 Med.
762 527 776 555 o
785 514 841 558 Dee.
851 527 1033 566 commemoratum.
1052 517 1155 572 Astyagen
1212 530 1216 535 ·

251 595 254 600 -
317 574 368 623 effe,
380 574 420 625 jam
430 573 451 612 in
461 570 604 612 dubitationem
619 564 692 611 vocarit
705 568 838 610 Tlt'eodorelus
848 572 868 610 in
880 574 983 612 comment.
996 572 1016 611 in
1026 568 1084 620 Dan„
1094 575 1155 626 idque

316 624 409 672 refutarit
426 627 486 667 etiam
501 622 595 666 Hottltt'a.
609 626 622 667 1,
637 637 653 666 c,
685 626 758 664 Verum
773 622 878 677 Scaliger,
899 620 1010 676 Colelium·
1026 623 1157 678 strueretur,

315 686 356 731 alii,
365 691 462 735 putarunt,
473 677 564 720 Dareum
574 679 626 720 hunc
634 676 833 728 essesVolotaneolam,
848 681 901 731 quia
914 677 987 733 Berofir
995 695 1018 733 ap
1036 676 1074 730 sol
1088 693 1103 721 c.
1117 678 1157 733 Ap.

315 741 329 780 s.
343 754 359 779 r.
368 739 383 786 §.
396 749 428 778 20.
440 735 518 784 dicitur,
532 735 563 775 rel
571 731 756 776 Nobotmldoclcum.
769 735 802 786 qui
812 749 823 775 a
832 732 960 788 Megostleno
968 732 1080 787 apoEuselt.
1085 746 1156 788 praep.

315 791 356 836 Eo.
366 793 407 839 so.
420 802 436 832 c.
448 803 536 843 4,41.p.
548 802 593 841 457.
607 787 647 830 Ed.
662 786 700 829 Col.
712 799 887 835 commemoratur,
903 789 933 829 res
944 786 1081 840 euronotum,
1095 801 1155 842 quem

315 844 435 890 Herodotus
452 846 465 886 l.
483 857 498 885 ι.
514 853 558 887 188.
570 855 591 884 et
609 844 643 884 aiii
657 844 747 883 ultimum
762 840 883 895 Babyloniae
896 855 965 896 regem
983 842 1049 892 fuisse,
1071 854 1155 887 nonunt.
1180 849 1182 854 ⁴

317 902 358 944 Sea
366 901 398 941 iric
408 913 449 941 nott
459 898 525 952 potest¹
535 896 574 939 effe
584 894 638 938 Dor,
646 896 701 939 Meo.
708 898 753 949 quia
762 910 802 938 erat
809 895 946 947 *Babylonium
963 896 1012 939 silius
1025 895 1094 938 scilicet
1104 899 1154 952 regi·

300 973 302 978 ,
315 951 483 1002 naeNr'rorrides,
497 963 519 992 ut
528 953 581 992 idem
587 950 664 1001 Herod,
674 951 740 997 tradit,
755 960 776 990 et
785 948 896 1002 Laborem,
910 964 969 1003 quent
976 951 1015 992 effe
1024 946 1153 993 Nobatai-dot·

314 1018 392 1051 zaraim
406 1022 446 1048 non
460 1007 525 1060 potest
539 1006 635 1055 dubitari,
658 1004 682 1054 cf.
696 1002 772 1055 Ηενοιί,
785 1007 798 1045 i.
815 1018 830 1055 t,
848 1018 879 1052 74·
888 1016 915 1046 ,et
929 1004 1058 1058 Horeaberg.
1072 1022 1090 1060 p.
1108 1019 1153 1054 244.

313 1066 402 1105 Hicnon
417 1072 493 1102 temere
508 1060 610 1101 contendit
623 1074 642 1112 p.
658 1071 702 1106 243·
714 1057 894 1114 Nert'glr'ffiooram,
914 1058 1011 1113 generum
1025 1059 1154 1121 Nebrrodee·

315 1117 374 1167 zeti,
396 1114 434 1158 eise
453 1113 507 1156 Dor.
520 1114 577 1155 Meo.
590 1126 649 1167 quem
662 1124 721 1161 rcerte
734 1111 906 1163 exterumsuiii'e,
927 1114 1052 1161 demonstrat.
1084 1119 1153 1168 Atque
1174 1121 1177 1128 '

313 1172 364 1213 adeo
374 1173 425 1213 stunc
437 1168 491 1210 fuisse
503 1167 598 1218 Medeam,
613 1181 638 1208 ex
648 1166 725 1208 cortone
734 1178 807 1218 regum
816 1167 939 1221 Ptolomaei,
957 1182 1016 1221 quem
1026 1167 1121 1223 Caloifios
1131 1171 1152 1211 itt

313 1224 376 1279 isag„
391 1223 446 1278 operi
454 1222 536 1264 titroool.
546 1220 657 1276 praemisso,
671 1236 686 1261 c.
698 1236 703 1259 r
712 1235 732 1260 1.v
741 1223 804 1263 edidit
815 1225 951 1274 incorruptum
961 1236 986 1262 ex
995 1221 1039 1265 soal.
1051 1222 1090 1276 ills:
1098 1219 1151 1263 Lon·

313 1278 458 1325 utereturne,
474 1280 538 1330 colligi
553 1278 621 1327 potest,
652 1279 701 1317 Nam
716 1273 825 1328 inscriptio,
841 1274 987 1318 Chaldaeorum
1002 1278 1152 1335 regibus-prae·

313 1333 364 1380 sitta,
379 1329 466 1381 Aoonglrn
480 1328 509 1377 eal
521 1329 594 1377 Milon,
613 1330 697 1376 iudicat,
712 1343 773 1368 uuum
787 1328 853 1368 saltem
863 1329 948 1369 Medum
962 1336 983 1369 in
995 1332 1067 1371 horum
1080 1344 1151 1385 regum

313 1398 397 1427 numero
410 1383 496 1435 reperiri.
525 1384 590 1420 Nemo
601 1391 667 1426 nutem
677 1392 744 1419 eorum
757 1382 823 1430 potuit
837 1380 876 1419 esse
886 1381 962 1421 Medus
974 1396 1053 1431 praeter
1067 1384 1119 1429 hunc
1130 1393 1151 1425 et

311 1439 375 1482 sisium
386 1438 440 1489 ejas,
455 1435 489 1487 qui
500 1433 572 1474 aPtol.
585 1448 628 1478 nou
643 1442 816 1481 commemoratur,
836 1435 880 1485 quia
894 1448 935 1474 nou
949 1437 1037 1488 regnarit
1049 1431 1150 1491 integrum
1170 1462 1175 1468 -

310 1506 393 1535 armum.
426 1493 492 1541 Atque
508 1485 547 1541 ipsa
565 1489 684 1537 vaticinatio,
706 1500 764 1539 quam
779 1485 918 1541 Megalllcerteu
930 1502 966 1541 per
979 1490 1105 1541 traditionem
1120 1505 1150 1531 ac·

312 1557 395 1600 ceptam,
406 1540 586 1590 Neltrcodoeeoro,
605 1541 670 1582 afflatu
684 1543 770 1581 miminis
788 1541 879 1593 abrepto,
901 1540 980 1592 tribuit,
999 1541 1079 1604 (Ettseb.
1096 1546 1107 1586 1,
1122 1547 1148 1595 u)

274 1613 276 1617 ’
310 1601 375 1645 veniet
385 1597 476 1650 Perfious
486 1596 562 1644 tltttlttt,
577 1595 613 1648 qai
626 1595 681 1635 uobis
693 1594 780 1646 imponet
786 1592 894 1647 serviretis
900 1594 988 1649 jugum,
1008 1610 1066 1653 coycts
1078 1597 1149 1640 atteror

311 1656 351 1698 ert'l
358 1654 421 1695 eliam
435 1651 508 1691 Metius
518 1649 608 1702 qtcr'oom,
623 1659 660 1702 qao
670 1647 747 1704 Affyrii
756 1654 815 1690 arctoo
823 1649 974 1701 gloriabamini,
989 1652 1066 1702 indicat,
1078 1667 1147 1707 regem

309 1713 365 1753 issum
374 1706 487 1760 suspicatum
499 1704 543 1753 esse,
559 1704 644 1744 Medeam
653 1706 738 1757 aliquem
748 1717 810 1756 regno
819 1703 870 1745 Bor.
880 1707 988 1758 potituium
999 1705 1048 1747 else:
1062 1722 1148 1760 quomo-

310 1766 336 1806 tio
347 1777 392 1804 vero
402 1763 440 1803 hoc
450 1759 542 1813 potuisset
554 1760 572 1799 ei
582 1760 602 1798 itt
611 1769 699 1798 mentem
709 1760 787 1806 venire,
807 1758 842 1798 uifi
858 1761 925 1811 aliquis
941 1757 1018 1799 illeliusx
1029 1773 1072 1801 cum
1085 1773 1147 1816 gente

311 1819 366 1872 regia
377 1815 491 1867 coniuulius
502 1811 582 1854 suisset?
594 1812 743 1857 serenantem,
758 1812 810 1864 quod
819 1810 954 1865 Philostratus
968 1814 988 1852 in
997 1817 1035 1855 rite
1047 1814 1146 1871 Apollonio·

310 1875 322 1914 1.
338 1886 353 1910 ι.
371 1883 386 1913 c,
403 1878 430 1911 18,
446 1882 489 1908 eam
504 1867 595 1907 fabricam
611 1866 679 1907 tribuit
693 1868 782 1918 reginae,
802 1879 827 1907 ert
840 1866 949 1908 Medorum
964 1870 1030 1920 'gente
1046 1871 1145 1922 oriundae,

309 1940 375 1980 quarn,
389 1919 475 1976 Berosus
488 1933 560 1970 narrat,
580 1919 679 1973 suscepisse
689 1918 827 1970 Neroneum,
846 1933 913 1971 uatet,
932 1923 981 1963 itanc
996 1926 1054 1964 etiam
1070 1923 1146 1971 Nerio,

309 1992 393 2022 uxorem
404 1979 501 2030 originem
516 1989 541 2016 ex
556 1974 627 2015 Moero
643 1973 733 2024 durisie3·
751 1974 804 2014 unde
817 1976 863 2015 litt:
877 1977 979 2029 colligere,
998 1976 1073 2020 sutilem
1088 1978 1145 2020 fuisse

308 2036 383 2076 aditum
393 2031 454 2072 Medo
464 2030 488 2070 ad
499 2031 614 2070 affinitatem
627 2027 711 2069 familiae
722 2030 794 2081 regiae.
822 2030 920 2070 Vernnfi
934 2032 964 2069 bic
980 2031 1007 2070 est
1020 2028 1074 2072 Dor.
1085 2031 1144 2077 Med.

309 2090 326 2129 is
336 2101 376 2128 tion
388 2086 452 2136 potest
460 2085 497 2124 dici
509 2096 597 2124 mortuus
608 2085 671 2135 'primo
681 2084 758 2135 imperii
770 2096 833 2130 an1m3
847 2097 890 2123 uum
900 2096 944 2123 eum
954 2085 986 2124 tv.
996 2098 1057 2126 annos
1067 2086 1143 2141 regnos·
1172 2080 1174 2089 ¹

309 2140 335 2191 se,
348 2151 368 2179 et
378 2134 447 2190 Beros.
458 2138 521 2182 tradit,
532 2148 552 2176 et
561 2135 779 2176 etennrrotconstac
804 2139 871 2187 Atque
884 2137 934 2177 adeo
945 2137 982 2186 illi,
1002 2140 1035 2189 qui
1049 2138 1140 2191 statuunt,

309 2195 375 2245 Curam.
390 2195 415 2233 II.
430 2189 486 2232 suiii'e
500 2188 556 2232 Dor,
568 2189 701 2238 contendunt,
720 2201 766 2229 eum
780 2186 846 2229 fustem
861 2192 885 2230 ΙΙ.
900 2204 962 2231 annos
979 2191 1072 2246 regnasse.
1100 2195 1143 2244 (Cf.

309 2240 420 2299 Vitriagoe
438 2244 538 2297 Hupolyp.
556 2241 597 2297 hill.
614 2241 669 2299 socr.
688 2257 705 2295 p.
726 2243 768 2291 841)
808 2244 889 2300 Facilius
902 2243 1008 2298 Anottymo
1024 2247 1064 2288 dari
1080 2251 1143 2301 poffit,

305 2305 365 2346 LXII.
380 2299 505 2342 hebdomade
520 2298 657 2352 postmortem
671 2296 735 2338 Darii
746 2295 804 2337 Meae·
815 2296 901 2344 Iudaeos
917 2300 1001 2341 reduces·
1013 2303 1096 2354 coepisse
1113 2318 1142 2345 ur.

306 2351 354 2400 beni
364 2367 384 2396 et
394 2356 489 2407 templum
499 2354 610 2402 instaurare,
626 2354 695 2393 collato
705 2343 752 2405 Est.
765 2364 780 2402 3,
793 2365 808 2389 t.
818 2362 839 2407 et
849 2361 867 2394 t3.
897 2356 954 2394 Porro
964 2354 996 2394 ille
1005 2353 1069 2406 suunt,
1082 2373 1098 2399 u.
1109 2362 1140 2402 26,

306 2411 386 2455 iudicari
396 2420 480 2449 mortem
490 2408 600 2455 violentam,
615 2420 672 2459 quum
680 2404 809 2457 Cyrsubierit
818 2408 838 2446 in
846 2420 912 2462 pugna
922 2419 987 2448 contra
993 2407 1140 2464 Maffogellzas,

306 2467 333 2508 cie
342 2479 380 2517 qua
390 2462 425 2503 etsc
436 2463 545 2507 dubitatur,
565 2474 588 2500 ea
599 2472 664 2502 tameu
674 2475 714 2501 nott
723 2460 751 2501 est
760 2460 896 2513 improbabilis
906 2473 986 2514 propter
998 2468 1140 2509 oas'auttoriu-

306 2533 346 2569 tes,
361 2532 407 2570 quas
417 2525 558 2557 commemorat
567 2513 631 2556 Zetae.
645 2518 720 2554 innota
732 2513 801 2567 Cyrop.
815 2517 828 2555 l.
840 2523 857 2557 8·
872 2528 888 2555 ct
902 2529 918 2561 i·
928 2515 966 2568 fiet.
980 2514 1070 2570 subjelin,
1099 2521 1139 2562 Sed

305 2577 325 2617 id
338 2572 419 2615 concedi
429 2586 469 2612 uon
479 2571 549 2625 potest,
564 2571 626 2611 statim
636 2570 677 2622 post
687 2570 745 2612 LXII.
753 2569 885 2610 hebdomadas
895 2568 971 2621 periiss'e
982 2572 1061 2623 Cytorio,
1077 2588 1138 2628 quent

306 2632 339 2670 lX.
348 2640 411 2669 anuos
421 2627 503 2680 imperio
513 2626 558 2667 Bab.
569 2621 681 2679 praefuisse,
700 2635 727 2666 ert
738 2625 784 2670 Con,
792 2623 846 2666 Ptol.
855 2635 945 2678 apparet,
964 2635 986 2665 et
995 2630 1038 2679 cui,
1053 2631 1138 2684 Babylo.

1099 2699 1138 2730 aut
