2462 3246
449 157 686 241 'damst
964 178 1008 242 47:

160 288 352 343 'iutemendationis
362 288 413 331 nulla
423 289 451 330 est
461 288 573 338 necessitas,
592 282 626 329 nii
636 288 680 344 quis
696 286 803 344 hoc-agat,
820 295 843 331 ut
859 285 917 345 nubis
933 289 1004 343 eripiat

123 366 140 390 ·,
165 356 325 454 prgpmceptppp.
348 358 386 398 quo
412 346 476 386 evinci
503 343 582 397 potest,
608 343 640 385 hie
664 345 732 386 Deum
758 347 830 399 alloqui
848 342 947 393 Melitam¹
970 342 1004 389 Cf.

136 483 156 537 ι’)
168 484 202 545 De
211 478 244 522 usu
254 479 349 535 loquendi
361 478 432 523 consuli
441 479 507 546 potest
516 477 654 545 Erttastt'i't'uli.
664 479 747 533 t'trietpt·¹
760 479 789 524 N.
802 478 824 521 Τ.
835 481 884 573 Rp)
893 479 915 540 'Si
927 490 973 573 ple.
987 483 1006 523 t.'

162 534 1007 651 {iiiiiidiffinitiiiiiiiffeii‘u’mqiliialf'aalideiiidltg‚isirtti'diss
1039 600 1042 603 -

157 642 297 752 jgphrtptiaffiap
308 641 376 751 lump-{t
386 646 492 741 minum
502 657 522 687 et
530 658 599 700 regem
609 643 724 700 ssgtrifitare‚
744 644 857 707 nonpotell
867 642 1007 726 ἀθῐῐιορίῒτειιί,ἶ

78 830 80 833 Α
135 779 237 832 &Huius
247 783 275 824 rei
286 781 505 838 periculumfecimus§.
517 784 535 827 tii
546 781 573 835 a),
587 785 603 835 §.
617 797 636 834 9.
646 783 672 835 c),
687 792 708 824 et
719 784 735 832 §.
749 782 814 832 inc).
874 805 875 809 =

119 949 121 952 .
176 899 209 968 a(
222 902 340 951 Eiusmodi
350 916 420 952 autem
432 902 508 952 locum
519 908 663 967 grammatice
672 905 822 969 interpretanti
837 906 909 951 oratio
925 904 1008 969 optanss'

109 970 168 1030 list),
186 969 731 1037 velconditionequadamadditapromittentitl)
747 969 1003 1032 diligentetdiiiingueu·

110 1035 136 1084 da
153 1036 181 1085 est
199 1038 225 1084 ab
246 1042 347 1085 oratioue
372 1042 521 1093 vaticinantia,
540 1052 562 1086 ut
577 1048 690 1105 appareat,
716 1056 743 1085 an
758 1035 1004 1103 eiveteinfitprophe·

108 1107 144 1150 tia.
178 1106 300 1152 Nemeum
314 1108 441 1154 vaticinium
452 1104 515 1153 Meli
524 1103 550 1152 fit
564 1116 620 1153 cartu
631 1100 921 1172 praeliguificatioeorum‚
945 1119 1003 1168 quae

109 1170 143 1219 vei
158 1169 260 1228 Melitae,
277 1172 317 1221 ivel
332 1189 400 1236 reguo
415 1178 460 1235 ejus
476 1172 532 1220 olim
548 1172 614 1219 essent
627 1185 742 1224 eventura,
763 1190 801 1226 ea,
821 1188 877 1233 quae
891 1171 1002 1236 propheta

109 1250 250 1303 apprecatur!
265 1239 300 1287 vel
313 1238 430 1304 pollicetur
440 1238 481 1287 suis
497 1241 636 1296 homiuibus,
659 1238 739 1302 adjedla
753 1237 848 1305 quadam
863 1235 1002 1293 conditione,

109 1321 156 1352 non
167 1303 373 1368 poliuntejusmodi
387 1305 561 1368 praedictionem
578 1310 699 1353 continere.
732 1303 878 1370 larnquidem
890 1321 916 1349 ex
926 1300 1003 1368 fortna

108 1374 251 1432 granmtatica
262 1369 394 1424 diffinirent,
412 1370 539 1433 dignoscere
546 1370 784 1434 praefiguiiicationem
794 1367 1002 1418 terumfuturarum'

109 1448 193 1489 avolo,
215 1454 268 1486 curn
279 1437 359 1497 firtutu
369 1435 423 1485 debr,
438 1433 518 1501 poffint
533 1448 554 1482 et
568 1439 690 1497 irruantntr'vr'
706 1445 726 1483 tt
742 1440 832 1498 optativi
850 1436 897 1483 vitu
912 1434 1000 1485 habere.

110 1506 153 1551 Vix
162 1515 236 1549 tamen
247 1501 345 1549 dubitare
354 1499 415 1557 licet,
434 1506 457 1549 in
468 1502 555 1550 eoloeo
565 1520 612 1550 uon
623 1516 667 1550 tatu
678 1506 761 1568 optari,
779 1521 845 1568 quarn
856 1505 929 1567 potius
938 1518 1001 1566 prae·

110 1568 154 1617 dici
166 1586 197 1615 res
208 1566 305 1624 futuras,
322 1572 345 1615 in
360 1585 405 1629 quo
421 1569 487 1617 multa
496 1571 580 1633 fatiunt
595 1582 616 1617 et
625 1573 745 1632 praeterita
758 1567 889 1624 miscentur,
910 1579 933 1615 ut
949 1567 1001 1615 fieri

108 1634 193 1687 soletiu
204 1639 343 1695 narratione,
361 1648 396 1683 aut
406 1639 429 1683 iu
439 1654 483 1703 quo
493 1634 568 1684 insunt
577 1634 675 1706 stragulae
686 1635 794 1703 quaedam
806 1632 966 1702 πεξιςοέσωςῑ).

139 1759 163 1810 tt)
177 1760 218 1799 Hac
227 1757 351 1799 distinetione
360 1770 408 1810 opus
419 1757 456 1808 est,
472 1759 564 1810 quiajam
576 1758 654 1812 quidam
664 1755 716 1807 sunt,
731 1758 764 1810 qui
774 1755 902 1804 contendant,
917 1767 941 1795 ea
949 1755 999 1808 lota,

164 1813 185 1853 iu
196 1812 268 1865 quibus
279 1814 337 1873 vulgo
347 1824 440 1863 putantur
449 1811 511 1853 ineile
520 1814 608 1855 uaticinia
614 1844 619 1864 ,
640 1828 680 1855 nou
689 1815 799 1861 continere,
814 1810 847 1852 ulfi
859 1821 912 1851 mera
920 1822 971 1850 rota.

138 1891 159 1946 b)
173 1891 292 1933 Huiusmodi
307 1889 417 1942 promissum
434 1893 542 1945 prophetae
557 1893 589 1945 ipit
605 1894 726 1948 distinguunt
738 1893 827 1934 formulis
841 1892 927 1944 adjectis.
960 1889 1000 1930 Sed

164 1948 254 1988 vaticinia
266 1944 321 1986 Men:
335 1959 375 1985 non
386 1946 458 1986 habent
470 1947 603 1987 conditionem
615 1949 732 1996 arluinum.
761 1949 812 1988 Hinc
822 1944 887 1987 Zaclr.
898 1948 917 1993 6,
931 1957 960 1988 ις.
968 1946 1000 1983 rix

132 2033 133 2036 η
163 2000 228 2055 potest
238 2013 298 2052 agere
307 2000 333 2041 dc
342 2000 375 2048 iis,
391 2002 422 2052 qui
432 2002 548 2055 religionem
560 2002 623 2042 chrtstj
632 1995 678 2043 olim
691 2001 752 2042 ell'em
761 2002 878 2055 amplexari,
895 1997 926 2039 sed
938 1999 1001 2038 dehet

163 2056 249 2108 intelligi
262 2055 287 2095 de
300 2056 332 2102 iis,
348 2055 381 2106 qui
391 2067 415 2094 ert
427 2057 482 2096 tetris
497 2058 577 2097 remotis
591 2055 652 2097 ellent
665 2057 746 2097 redituri
760 2056 784 2096 ad
799 2056 868 2107 templi
881 2054 1003 2094 inilauratio·

163 2123 210 2149 nem
229 2109 373 2159 adjurandam:
400 2122 450 2163 quae
464 2122 495 2152 tes
509 2110 626 2153 confirmare,
637 2123 714 2165 poterat
731 2112 816 2153 vaticinii
834 2106 937 2163 superioris
952 2108 1002 2149 reri·

162 2173 230 2202 tatem.
674 2194 676 2196 ,

137 2246 157 2297 ι)
172 2241 196 2284 tl,
211 2255 243 2289 γα.
258 2238 360 2281 Davidem
374 2253 413 2281 non
429 2252 506 2294 optare,
524 2252 546 2282 ut
559 2240 640 2283 Salomo
653 2256 687 2293 ea,
704 2255 754 2295 quae
767 2243 799 2284 hic
814 2236 999 2290 commemorantur,

163 2297 231 2340 faciat,
247 2292 279 2336 sed
289 2294 412 2349 praedicere,
426 2309 476 2348 quae
486 2296 563 2337 Messias
578 2300 624 2337 olim
637 2295 684 2337 eil'et
698 2297 789 2345 iailurus,
810 2299 841 2338 rel
855 2310 880 2337 ert
894 2310 918 2336 eo
933 2296 999 2349 potest

163 2352 261 2405 intelligi,
277 2350 340 2404 quod,
356 2362 405 2401 quae
416 2352 462 2391 olim
471 2350 535 2391 frattrra
545 2356 609 2400 erunt¹
628 2351 659 2392 liic
668 2354 806 2402 accuranter
816 2349 909 2405 topiofius
919 2353 1000 2392 circum·

164 2404 283 2454 scribuntur,
298 2405 384 2458 quamiu
396 2407 444 2446 totis
457 2405 499 2446 fieri
515 2403 571 2456 lota,
596 2417 616 2447 et
633 2407 686 2459 quod
704 2419 769 2459 neque
787 2406 902 2459 imperativi
920 2409 946 2446 ira
961 2404 1000 2445 fre·

125 2477 127 2479 ·
165 2470 296 2513 queritantur,
309 2465 376 2512 ne'que
388 2461 467 2511 optandi
478 2462 583 2512 particulae
594 2463 620 2503 ita
631 2462 758 2513 adjiciuntur,
779 2474 800 2502 ut
811 2462 831 2502 lit
847 2475 853 2500 r
867 2464 915 2514 lleg.
932 2470 948 2506 8,
966 2471 998 2504 23.

163 2513 203 2568 l‘qq.
233 2516 304 2565 Neque
313 2513 382 2565 imper,
398 2524 429 2565 pu,
443 2516 463 2555 iu
472 2512 506 2567 Psi
516 2516 572 2557 initio
582 2516 691 2563 adhibitus,
707 2516 769 2567 potest
782 2519 819 2556 rim
829 2513 908 2568 optativi
919 2515 999 2562 habere,

164 2568 259 2621 sequente
270 2567 333 2607 statim
344 2566 430 2619 firtttrot
447 2567 479 2610 ied
490 2583 527 2621 per
538 2570 669 2612 hebraismum
683 2569 807 2621 frequentem
822 2571 869 2611 lraec
882 2570 967 2623 potestas
981 2570 1001 2609 ei

163 2620 270 2667 tribuenda
280 2620 355 2673 estaSt'
363 2625 409 2675 regi
418 2626 470 2677 leges
481 2628 529 2666 tuas
538 2623 677 2678 plaudaverat,
695 2623 725 2665 tlte
734 2621 787 2678 juste
800 2624 907 2679 inperauit
919 2622 1002 2679 populis

294 2687 296 2690 ·
962 2689 1000 2721 etc.
