2462 3246
453 171 733 263 meite.
1001 167 1040 258 a

164 301 275 375 photinum
284 313 341 359 Meli.
353 316 450 373 originem
460 317 546 359 diuinam
557 314 594 356 ltac
604 317 683 358 ratione
693 303 788 372 intelligi,
798 293 893 358 listendit
910 312 1022 371 Hufnage-

163 376 203 418 lius
212 373 281 418 indill
291 372 314 416 da
324 369 399 427 psam.
407 369 478 431 propit.
489 367 547 426 Meffi
557 370 704 431 contuentibus.
719 368 762 429 [pr.
771 387 790 425 p.
803 384 836 413 20.
846 385 878 413 21.
1057 390 1059 392 -

137 448 157 512 e)
171 460 212 503 Iam
222 456 301 510 quidem
310 469 353 512 non
367 452 447 503 desunt,
460 453 493 505 qui
503 445 600 494 facultatis
615 454 730 495 vaticinandi
746 452 824 494 fontem
834 469 873 494 non
888 454 908 493 in
927 453 967 499 Dei
977 468 1022 507 qua·

64 529 68 534 “
112 546 114 549 ,
164 512 209 554 dam
219 513 245 562 vi,
260 509 292 551 led
301 512 320 551 itt
332 510 471 563 prophetarum
481 509 565 562 ingenio
575 518 596 546 et
604 508 670 547 animo
681 519 780 550 commoto
788 507 887 549 'detexisse
897 508 931 549 fibi
943 509 1021 550 ridean-

111 604 113 606 ,
163 568 207 617 tur‘,
221 566 283 615 (conf.
293 564 324 607 M.
335 561 377 606 loir.
389 560 465 617 Gottfr.
477 560 542 618 Huffii
553 559 677 613 Idiognumilt
686 560 768 605 Duatas
782 561 794 606 i.
808 577 817 609 5
828 574 849 605 et
859 568 869 602 6
881 565 947 615 paffim
954 566 975 613 3)
992 574 1022 605 at·

164 621 254 674 quesere
263 623 302 662 iam
316 620 429 672 recoquitur
441 619 520 671 opinio,
541 617 566 657 ab
579 613 663 657 Eusebio
682 629 843 670 commemorata,
858 617 896 667 ωε
908 616 1020 670 Demersit.

163 676 202 719 Eu.
213 676 224 716 l.
237 689 254 722 ς.
265 687 298 729 pr.
305 671 344 728 soli
349 672 487 726 prouidentiae
500 670 581 713 divinae
590 671 677 711 oraculo
686 676 705 713 et
719 671 814 714 uaticinia
831 672 931 725 originem
946 671 1019 722 dolere,

163 742 204 772 tam
217 730 354 783 apudexteras
365 738 448 782 gentes,
460 741 518 780 quam
530 726 582 779 apori
591 726 682 767 ludaeos.
720 730 795 777 Verum
810 728 847 769 etii·
859 741 895 782 per
903 728 941 768 Dei
954 729 1021 781 provi-

163 785 249 827 dentiam
261 782 302 825 fieri
312 784 387 837 potuit,
399 792 420 828 ut
432 782 471 827 illi,
484 781 555 833 quibus
565 793 636 822 munus
646 780 755 834 prophetae
766 782 883 823 destinatum
895 779 953 824 effer.
965 783 1020 836 iuge·

162 842 197 881 nio
208 840 232 880 ad
241 838 288 883 illud
300 848 346 891 apto
359 834 493 883 nascerentur,
503 846 525 876 ut
534 836 569 884 iit,
581 847 624 875 curo
642 824 753 889 cogit‘arent
768 838 794 877 de
807 838 900 886 vaticiniis
912 836 1020 889 antiquiiii-
1037 838 1043 842 ’“

162 896 200 936 mis
217 908 266 935 nora
282 891 333 946 quast
347 892 381 932 lux
399 892 491 938 oriretur„
508 890 562 942 quod
577 887 682 930 Litteras
699 890 720 932 itt
730 889 838 933 Commeat.
850 886 1020 944 ittGett'ejpaffim

117 949 119 952 ’
163 948 275 996 contendit,
286 945 405 1000 praeludens
416 946 437 985 in
447 944 482 985 hac
492 956 514 984 re
520 942 614 984 Hetdero
624 957 644 984 et
655 945 702 994 aliit,
716 957 738 992 ut
748 948 781 995 ilii,
791 947 869 999 quoties
880 943 958 986 tttileros
969 945 1021 985 ride·

162 1016 207 1046 tent
221 1005 272 1045 cives
280 1000 431 1050 summitatem
440 1000 477 1041 illis
486 997 600 1039 felicitatem
611 1000 807 1052 optarent‚'eamque
818 999 870 1053 quast
881 1002 919 1048 iam
931 995 1019 1048 praesen·

130 1070 131 1073 ’
164 1056 268 1099 tilcetertt:
283 1067 349 1096 tamen
360 1068 386 1095 ex
396 1066 431 1104 eo,
441 1053 494 1107 quod
505 1051 578 1094 summa
586 1053 636 1093 'cum
647 1052 716 1094 fiducia
728 1055 864 1107 praedicerent
877 1067 908 1095 res
921 1044 1019 1104 fortuitasi

163 1111 238 1153 etiamst
251 1112 288 1152 illis
299 1109 379 1163 exlege
388 1107 437 1150 Mol.
448 1119 601 1152 commemorata
612 1105 726 1161 supplicium
737 1110 860 1157 immineret,
870 1108 884 1149 fi
893 1118 976 1148 eventus
985 1107 1019 1147 do·

151 1177 228 1216 reret,
243 1164 293 1218 ipius
307 1163 338 1214 id‚·
349 1163 402 1217 quod
417 1160 530 1216 speramur,
545 1174 605 1214 atque
618 1160 724 1215 optassent,
739 1177 774 1216 pro
785 1164 850 1203 divino
861 1164 937 1203 oraculo
952 1162 1019 1202 vendi·

162 1219 219 1269 tolle,
228 1232 280 1260 cette
287 1219 336 1259 milri
347 1218 411 1272 colligi
421 1215 474 1270 posse
482 1216 569 1265 videtur,
585 1218 608 1257 iis
619 1219 677 1269 plane
687 1214 795 1269 persuasum
804 1215 872 1267 soille,
881 1230 955 1265 eorum,
967 1228 1018 1268 quam

163 1277 315 1328 eloquerentur,
325 1274 428 1321 notiones,
438 1284 503 1324 neque
515 1268 568 1319 calu,
577 1283 643 1323 neque
656 1284 691 1324 per
700 1272 835 1320 cornelianam,
847 1284 873 1311 en
884 1270 1018 1326 superioribus

163 1331 254 1377 oraculis,
271 1325 305 1368 aut
318 1339 343 1368 ex
359 1339 436 1375 rerum,
452 1326 477 1365 de
493 1324 565 1378 quibus
582 1336 683 1379 ageretur,
701 1326 815 1367 conditione
835 1325 923 1376 truttam,
939 1323 971 1365 led
983 1325 1019 1378 per

162 1387 202 1425 rim
213 1384 306 1430 divinam,
318 1381 343 1422 de
353 1394 390 1433 qua
402 1379 446 1430 ἱρῆς
456 1381 483 1419 ita
495 1380 596 1423 constaret,
609 1381 636 1418 uti
647 1380 672 1418 de
683 1381 752 1429 rebus,
762 1383 782 1421 in
793 1378 856 1421 sensus
866 1380 1018 1430 incurrentibus,

162 1433 312 1481 excitatatesse.
340 1434 407 1484 Quod,
417 1446 455 1484 qua
465 1434 540 1472 ratione
554 1431 625 1472 fadum
639 1433 718 1482 fit,etir
737 1448 777 1474 non
796 1433 856 1473 anfim
868 1434 962 1481 definire3
981 1434 1018 1475 de-

161 1487 206 1533 linit
218 1500 285 1530 tamen
293 1489 329 1529 alia
342 1488 419 1529 ratione
430 1486 485 1536 fieri,
499 1499 556 1538 quant
567 1498 608 1536 ea,
619 1500 657 1538 qna
674 1499 708 1539 per
722 1488 865 1538 precidentium
881 1489 964 1529 divinam
979 1489 1017 1529 lieu·

163 1554 254 1598 tempore
275 1543 366 1584 homines
384 1541 408 1582 ad
428 1541 474 1581 illud
490 1540 628 1594 cogitantium,
642 1551 702 1593 atque
719 1541 867 1583 decernendum
882 1544 1017 1597 impelluntur,

164 1601 217 1655 quod
230 1598 311 1640 consiliis
321 1598 361 1638 Dei
375 1596 402 1637 est
412 1594 641 1650 accommodarillrmum,
652 1599 680 1636 uri
696 1598 818 1648 experientia
832 1610 933 1651 quemque
946 1599 1018 1639 docere

163 1654 232 1710 potest.
258 1656 309 1693 Nam
318 1663 370 1692 nunc
379 1650 460 1703 quidem
471 1664 511 1690 non
521 1651 580 1702 plane
589 1661 653 1690 novae
661 1652 758 1706 'notiones
769 1652 826 1694 nobis
837 1650 972 1706 suggeruntur,
983 1664 1019 1693 ne·

163 1723 213 1763 que,
226 1707 239 1748 fi
254 1708 284 1748 cui
298 1708 318 1746 in
332 1717 421 1746 mentem
437 1706 527 1745 venirent
543 1716 579 1757 per
594 1703 812 1757 phatttafiue'luxutiam
826 1709 910 1760 cogitata
920 1707 1017 1760 quaedam
1063 1733 1070 1747 a

162 1766 222 1820 plane
236 1764 284 1803 mira
295 1761 320 1801 de
330 1762 388 1801 rebus
397 1758 474 1809 futuris,
485 1758 546 1812 homo
556 1756 612 1799 lanae
622 1758 693 1799 mentis
704 1756 780 1801 ausurus
791 1759 978 1815 elieapiannnciare
988 1767 1017 1810 ea',

163 1820 256 1862 divinitus
274 1818 348 1870 quippe
360 1813 395 1855 fibi
410 1811 510 1867 inspirata,
525 1805 629 1865 certiiitltre
643 1825 745 1863 eventura,
755 1814 868 1870 praesertim
877 1816 891 1858 ir
901 1816 944 1870 ipsi,
961 1817 1018 1859 exitu

163 1871 332 1920 effati-destituto,
346 1881 424 1922 poenae
437 1867 559 1922 grauiffimae
573 1868 718 1920 impenderent.
760 1872 868 1912 Potuerunt
885 1872 975 1925 quidem,
994 1882 1018 1913 ut

162 1929 201 1970 ltoc
211 1938 265 1976 utar,
277 1925 380 1979 Michaeae
388 1922 501 1963 lotnniantis
512 1923 575 1962 menti
586 1920 664 1967 lilaea.
674 1937 724 1976 quae
737 1937 743 1961 ι
757 1928 805 1980 Reg,
817 1941 848 1976 Η,
862 1940 883 1974 ¹7
894 1938 915 1966 es
929 1940 983 1976 19-
991 1938 1015 1971 23

162 1992 282 2032 enarrantur,
293 1980 362 2028 obiici,
370 1979 416 2031 quia
425 1974 510 2026 l'ortaffe,
518 1978 557 2017 Dei
572 1977 695 2030 providentia
710 1979 844 2032 gubernante,
855 1983 935 2036 vigilans
948 1980 1017 2022 fimitia

163 2038 288 2093 cogitaverat.
314 2036 388 2077 Verum
400 2034 419 2073 ei
429 2044 464 2085 pet·
475 2029 549 2072 senium
559 2044 633 2072 certum
641 2032 745 2075 constitille
756 2034 781 2074 de
793 2035 861 2076 harum
872 2038 1017 2091 cogitationum

163 2092 229 2134 divina
240 2091 326 2144 origine,
345 2098 400 2142 patet
418 2086 588 2131 exterminata,
606 2100 643 2138 qua
656 2087 716 2128 audet
729 2090 808 2141 reliquis
824 2091 898 2132 vatibus
917 2104 1018 2144 repugna·

163 2159 186 2187 re
206 2155 227 2184 et
241 2147 283 2197 regi
297 2146 345 2184 irato
360 2144 463 2184 interitum
483 2133 596 2195 significat-d.
624 2158 626 2163 ¹
645 2144 677 2182 Ex
691 2141 731 2196 ipso
748 2140 807 2185 etiam
826 2156 921 2187 concentu
940 2147 1017 2186 divinae

162 2198 308 2254 providentiae,
324 2208 375 2247 quae
393 2196 533 2247 prophetarunt
551 2196 653 2247 praedietis
675 2200 750 2237 exitum
768 2201 846 2247 amauit,
865 2210 925 2251 atque
951 2211 1017 2239 oracu-

164 2253 307 2303 lorums‘quae
316 2251 343 2291 illi
358 2249 450 2290 divinitus
460 2248 493 2288 fibi
509 2250 578 2288 tradita
593 2249 694 2297 dixerunt,
708 2253 817 2292 luculenter
826 2264 915 2306 apparet,
927 2253 1015 2293 eundem

163 2310 231 2353 Deum
242 2305 281 2357 elle
290 2318 359 2345 eorum
369 2304 473 2345 auctorem.
500 2305 581 2343 Etenim
597 2316 637 2343 non
648 2301 690 2343 casu
704 2304 746 2345 fieri
758 2307 835 2359 potuit,
845 2319 866 2347 ut
877 2302 908 2357 ea,
919 2309 1016 2360 quaeritr

162 2361 194 2404 isti
205 2375 277 2416 magna
293 2373 336 2401 cum
351 2358 469 2399 certitudine
482 2354 627 2411 praemittent,
642 2368 702 2411 atque
716 2356 759 2402 latit
772 2373 858 2402 accurate
868 2359 1016 2416 praefignifical·

163 2414 214 2466 ient,
226 2419 285 2468 plane
294 2418 332 2465 ita,
344 2426 367 2456 nt
376 2413 471 2467 praedida
481 2424 546 2461 erant,
556 2412 664 2466 erenirent.
693 2416 763 2467 Neque
774 2418 870 2457 eirtstnodi
879 2415 976 2458 scientiam
987 2429 1017 2457 re·

163 2485 207 2515 tum
221 2470 331 2512 futurarum
347 2483 372 2509 ex
385 2480 453 2509 natura
466 2469 538 2508 mentis
559 2469 666 2514 humanae,
683 2482 776 2520 qnantum
785 2472 865 2524 quidem
876 2474 908 2514 illa
918 2473 974 2513 nobis
988 2469 1017 2511 est

163 2523 275 2581 perspeila,
286 2526 376 2578 explicari
387 2521 450 2575 polle,
460 2520 493 2563 led
502 2522 527 2562 ad
539 2524 577 2562 Dei
590 2526 642 2572 vima'
654 2520 692 2562 sese
703 2525 722 2564 in
735 2526 799 2566 animo
810 2522 919 2580 prephetae
927 2524 1016 2566 exseran-

164 2591 207 2678 «ἕῖ
212 2607 225 2676 ,1
232 2578 357 2676 ipserenpappt
367 2577 406 2620 eise
412 2608 418 2632 ,
429 2580 518 2632 ingenue
525 2577 630 2633 profitetur
643 2575 785 2633 metanaeas,
794 2579 969 2637 (Clturoiteriflt'ci
980 2578 1017 2622 det·

188 2647 195 2677 i
208 2646 217 2677 e
223 2662 231 2691 7
260 2664 265 2681 ῃ
277 2647 296 2685 §a
321 2651 328 2679 i
343 2648 377 2680 ,22
955 2655 956 2658 ¹

940 2749 963 2804 d)
977 2751 1017 2795 rta-
