2462 3246
200 296 231 327 an,
240 297 266 326 m,
275 283 332 330 3464.
342 290 361 323 et
372 282 404 323 66.
413 281 492 328 notarit,
507 275 663 337 Babyloniorum
671 279 737 322 iiiior-i
749 278 835 322 tribuiss‘e
846 279 928 323 ridetur.
955 281 978 322 ld
988 286 1037 323 con¹¹

201 339 266 381 firmat
276 334 370 390 Berosus,
385 338 416 388 qui
427 344 489 375 nuuut
500 335 511 375 l.
521 348 537 375 c.
549 331 668 375 uoluuntur
677 350 729 376 anno
744 337 835 376 XVlimo
848 337 933 388 Cyrum,
947 335 1035 378 universa

173 412 174 416 ¹
199 392 249 446 Asta
259 389 451 443 lubeliafimpetum
462 387 527 429 lecili'e
542 387 712 438 ianbplottium.
744 391 784 432 Sed
800 394 874 431 cumei
888 393 912 431 nd
927 392 1034 442 imperium

198 444 354 499 Babyloniorum
376 445 410 485 libi
433 441 575 495 subjiciendum
600 441 666 483 saltem
683 445 765 485 biennio
789 458 838 497 opus
856 444 926 495 luerit,
952 446 973 486 hi
993 445 1033 486 duo

198 503 254 552 anni,
269 501 313 541 huic
326 498 451 547 decipiendi,
471 508 491 536 et
506 494 720 550 liloltouneoliimperio
735 497 869 551 Bulplottiertli
882 497 1033 543 luntaticlendi.

197 557 234 597 rtis
245 553 355 603 observatis,
372 563 393 592 et
406 553 439 601 iis,
453 565 499 602 quas
510 551 646 600 indicarimus,
667 553 721 592 variis
731 553 847 594 teutonibus
857 554 951 604 admissis,
966 555 1032 595 omnis

197 623 304 658 annorum,
318 609 338 647 in
347 608 384 648 lroc
394 606 470 647 oraculo
481 606 616 655 iudicatorum,
631 608 750 658 computatio
761 618 800 648 tam
811 616 901 648 accurare
908 609 995 658 quadrat,
1009 618 1032 649 ut
1059 653 1061 657 ¹
1080 645 1082 648 .

196 664 350 706 honorationem
361 662 449 716 omnium
459 660 615 701 verifimiliimatn
627 660 692 699 dicere
706 674 746 700 non
762 662 861 701 dubitem.
884 659 988 716 'Iosoplrnm
1000 675 1032 703 en·

198 719 243 758 dem
254 717 312 757 modo
323 728 414 757 numeros
425 717 467 755 illos
477 712 623 766 pronunciatio
636 727 675 766 quo
684 727 732 762 nos,
749 718 779 755 rel
790 712 971 769 Hofflucampium.
986 730 1034 768 pross.

166 812 169 815 Α
197 773 262 813 babile
273 770 300 810 est
309 783 333 809 ex
343 783 376 817 eo¹
392 770 444 821 quod
456 769 481 808 de
491 765 576 822 lioljud.
586 770 598 810 l.
611 770 629 808 6.
645 781 659 806 c.
673 781 691 812 ς.
706 771 723 815 §.
734 782 752 814 a.
763 772 861 811 oraculum
876 771 900 810 tle
912 769 1031 824 Vespnlinno

197 824 274 869 aDmt.
291 825 399 864 memoriae
412 823 512 876 proditum
527 820 576 870 elle,
595 822 673 862 videtur
688 822 804 876 significare,
825 825 878 877 quod
896 824 957 865 Mitti.
972 819 1031 878 Haffi

98 902 101 906 s
152 924 155 928 Δ
200 878 263 924 Velllz.
274 875 323 932 Leffi
336 891 428 926 monent,
449 886 468 916 et
481 877 534 929 quod
551 877 615 930 colligi
629 877 693 928 potest
706 889 731 916 ex
744 876 829 930 nunqu.
843 880 899 920 iio.
915 882 1000 927 t.rt.§.
1011 892 1031 926 7.

196 939 255 979 Forte
266 945 331 973 tamen
342 933 384 984 ejus
394 932 529 984 interpretatio
539 931 576 970 dici
588 930 645 981 poliit
656 930 733 971 nostrae
742 933 804 985 iungis
816 931 892 982 latere,
908 947 965 986 quain
975 929 1031 986 Has·

191 986 352 1044 sentententiam,
368 988 420 1038 quia,
437 987 449 1027 fi
459 998 558 1039 numeros,
568 985 636 1025 nostris
647 986 737 1036 majores,
747 984 832 1039 legistin,
851 989 894 1039 ejus
905 988 976 1027 oraculi
990 988 1031 1028 exi·

197 1058 238 1085 tum
253 1045 285 1083 illo
297 1052 386 1092 tempore
400 1054 439 1079 non
453 1038 544 1093 potuili'et
555 1035 647 1090 suspicari.
676 1042 727 1079 Natn
737 1052 780 1079 cum
790 1040 822 1080 ille
835 1041 950 1082 existimaffe
963 1041 1031 1081 videu-

196 1110 237 1146 tur,
252 1095 306 1136 Dur.
318 1093 372 1136 Meu.
386 1092 424 1133 eli'e
435 1094 548 1145 Cpnxorem
558 1095 582 1134 ΙΙ.
594 1094 627 1132 ille
643 1093 715 1132 eodem
726 1108 788 1143 atino,
808 1109 847 1147 quo
863 1109 900 1136 noa
913 1095 1030 1146 numerandi

196 1154 274 1195 initium
283 1149 362 1192 fecerit,
377 1146 496 1188 neteli'eeii.
529 1147 568 1188 Sed
582 1146 629 1186 inec
642 1145 738 1187 sufficient
751 1148 775 1187 ad
790 1148 974 1198 demonstrandum,
992 1150 1030 1189 hoc

196 1207 306 1248 vaticinium
318 1201 372 1243 neti
384 1203 417 1242 etii
429 1214 486 1254 pauca
499 1202 580 1242 lilelfiae
591 1201 666 1241 criteria
676 1202 785 1251 contineat,
805 1201 858 1255 polle
867 1215 934 1244 tamen
947 1201 1029 1244 defendi

196 1272 261 1301 contra
271 1254 384 1299 aduersarios
394 1257 503 1296 acerrimos.
532 1257 557 1295 At
568 1255 580 1294 fi
589 1255 632 1306 quis
640 1257 786 1296 innumerarum
794 1255 837 1296 fere
843 1259 1030 1310 interpretatiomini
1039 1305 1041 1307 ¹

195 1317 298 1361 vat-iente,
313 1312 381 1362 (quam
393 1312 463 1349 indicat
476 1308 630 1355 Cluoswitzius,
648 1308 670 1347 iu
679 1307 801 1360 Snmmlnng
815 1322 852 1350 oon
867 1310 1030 1363 Erronrernngs-

191 1364 287 1422 fclzrislen
297 1363 338 1403 uno
347 1360 454 1414 Zosti'tzen
463 1372 505 1400 zur
518 1361 645 1410 aligenorum
663 1360 809 1412 Woltlnstoriue
822 1367 842 1405 P.
853 1363 868 1402 t.
882 1375 903 1403 et
915 1367 952 1414 Π.)
971 1376 1030 1417 pucet

194 1419 310 1475 prophetiae
322 1417 379 1468 ltnjus
389 1415 527 1455 certitudinem
537 1414 628 1453 facillime
636 1413 690 1465 poli'e
700 1417 767 1459 eueni,
782 1428 828 1456 enm
838 1418 919 1458 uelimus
930 1417 1029 1464 meminis·

194 1473 214 1517 le'
223 1475 253 1522 id,
266 1471 396 1525 qnodmouet
409 1467 509 1511 Tot-tutin.
518 1469 538 1509 iti
549 1466 631 1520 institut
642 1465 697 1508 tlteol
712 1467 744 1507 El.
756 1471 776 1508 P.
784 1471 809 1509 ii.
822 1485 840 1523 p.
849 1477 893 1517 305.
904 1471 918 1512 fi
928 1475 958 1513 rei
967 1475 1028 1514 murci-

194 1541 228 1571 me
238 1528 263 1568 de
273 1527 329 1568 initio
339 1536 358 1565 et
367 1523 407 1564 fine
418 1523 564 1564 hebdomadum
574 1523 648 1562 illarum
658 1533 752 1571 certetur,
767 1525 859 1565 inriiium
869 1536 935 1566 tamen
946 1538 1028 1569 manete

193 1580 281 1627 adversus
292 1579 374 1633 judaeos
385 1588 535 1632 argumentum,
550 1577 589 1631 quo
599 1575 656 1630 polin
667 1577 805 1628 demonstrari,
819 1578 875 1622 nteit.
886 1579 963 1624 reniffe.
1020 1583 1022 1586 ’

207 1748 243 1790 13.
261 1731 365 1788 Denique
374 1726 426 1774 licet
435 1724 470 1774 vel
481 1738 557 1773 contra
568 1723 717 1775 subtilissimos
729 1724 861 1775 adversarios
873 1744 952 1795 urgere
961 1732 989 1779 N.
995 1733 1027 1781 T.

139 1799 302 1865 allegationem,
319 1792 526 1859 liseriptordivinus
534 1810 580 1840 non
587 1805 671 1854 tantum
681 1808 844 1841 commemoret
854 1796 943 1858 aliquod
954 1801 1028 1846 vatici-

140 1872 216 1922 nium,
233 1863 270 1911 sed
282 1866 346 1908 etium
357 1859 502 1915 demonstret,
521 1859 575 1906 illud
588 1878 633 1908 non
647 1859 707 1924 polle
720 1878 795 1925 agero,
813 1861 891 1909 nilide
906 1862 1027 1914 Meritum

139 1938 203 1982 enim
212 1948 237 1978 ex
247 1935 289 1993 ejus
298 1947 349 1992 enni
359 1926 431 1973 nollra
448 1929 630 1990 interpretatione
644 1925 749 1974 consenlu
766 1941 848 1976 certum
861 1929 901 1986 eli,
924 1935 1025 1996 propriae

140 1998 220 2050 Christi
228 2011 293 2044 notas
306 1998 328 2041 iu
341 1994 378 2041 illo
391 1998 416 2041 V.
428 1997 457 2041 T.
468 1993 519 2040 loco
530 1990 625 2053 melier),
660 1995 701 2041 Sed
713 1995 776 2056 hujus
787 1998 918 2044 auctoritatis
928 2002 960 2046 vis
969 2012 1025 2055 turn,

138 2087 191 2116 cuni
210 2063 267 2112 abeli
281 2061 321 2109 illo
332 2059 501 2115 demonstratio7
523 2076 569 2106 non
583 2063 659 2106 minor
672 2060 715 2116 eli,
740 2064 825 2126 quoties
840 2063 917 2112 divino
934 2061 1026 2114 oraculo

138 2152 189 2185 unm
201 2131 252 2178 ioco
263 2134 291 2177 N.
304 2131 334 2177 T.
346 2132 368 2173 in
379 2145 425 2186 quo
435 2125 490 2174 iilud
500 2139 702 2184 commemoratur,
720 2128 813 2186 collato,
831 2128 912 2193 liquet,
930 2136 1023 2185 criteria,

137 2208 163 2249 eit
175 2199 252 2265 quibus
262 2192 324 2242 Meli
334 2191 398 2259 pollii
411 2190 513 2255 agnosci,
530 2209 577 2238 non
592 2192 742 2252 ‹leodensi-b).
775 2200 848 2260 Atque
863 2196 919 2244 adeo
934 2214 960 2245 ex
974 2199 1026 2246 alle-

136 2270 226 2334 gatione
238 2265 266 2310 N.
274 2263 303 2309 T.
316 2264 350 2306 cni
366 2276 413 2306 non
428 2256 529 2323 impreffa
544 2256 594 2304 sunt
607 2258 821 2308 accommodationis
837 2261 925 2327 relligio
941 2279 1022 2330 aperta,

135 2333 276 2402 prophetiam
289 2327 384 2394 aliquam
395 2325 420 2373 ad
428 2328 564 2373 servatorem
577 2324 676 2373 nostrum
687 2329 806 2392 pertinere,
824 2344 871 2376 earn
882 2331 910 2377 ob
919 2331 1022 2389 catiliani,

136 2398 198 2467 quod
208 2398 327 2460 Scriptores
343 2397 370 2442 N.
386 2396 415 2441 T.
431 2390 514 2457 saepius
530 2404 652 2456 provocant
667 2393 694 2441 ud
708 2396 819 2449 vaticinia,
841 2414 890 2453 vere
906 2398 1022 2462 lulclliu‘na,

136 2467 170 2516 vei
182 2478 229 2512 tuni
241 2463 267 2510 fit
280 2459 404 2527 probabile,
421 2460 622 2516 cntn‘ntttibutum.
640 2459 712 2509 inilia
728 2461 843 2519 traditum,
861 2460 882 2510 et
895 2462 958 2513 series
973 2485 1024 2527 ota·v

135 2536 203 2600 tionis
212 2528 321 2595 ejusmodi
330 2528 533 2595 interpretationem
543 2544 591 2578 trun
602 2540 646 2577 ttnn
655 2529 762 2594 requirit³
780 2548 847 2596 quum
857 2529 950 2585 admittit
955 2537 980 2597 ἒ).
1020 2541 1021 2544 ’
