2462 3246
459 142 696 222 rheae
847 108 849 111 ι
977 137 1073 217 rr

155 303 157 308 ι
178 284 220 318 rem
234 267 303 330 po'e'rir'
312 269 338 315 in¹
348 272 439 317 omnibns
453 276 525 330 linguis
540 274 680 328 frequentem,¹
701 269 807 315 nniversam
821 271 947 319 feliiitarem,
964 286 1015 325 qnae

147 353 149 355 >
177 341 255 373 maneat
266 328 348 370 Melitae
356 331 416 379 cives,
430 331 519 379 indicari,
534 343 559 370 ex
570 344 593 371 eo
604 341 665 384 patet,
681 331 737 382 quod>
746 329 844 369 nonhaec
855 340 944 369 terrenae
954 327 1014 368 sclicl-

154 384 156 388 ’
177 388 280 480 tatisdpars.
288 385 380 439 religioni
392 385 463 428 Christ.
477 384 505 425 est
517 387 603 439 propria,
620 383 652 428 sed
666 386 726 440 longe
739 384 802 436 major
816 385 912 436 beatitas,
931 386 963 424 uti
974 384 1014 423 exi·

158 452 209 481 vrus
239 450 295 481 ocurr.
443 470 456 480 a.
510 454 512 459 ·
643 455 646 464 ,
719 456 720 459 ¹
878 463 879 466 =

189 578 225 610 ra.
242 563 280 610 Uti
291 579 343 611 vero
356 561 458 618 historia,
475 565 505 609 ita
521 566 585 609 etiam
600 572 696 608 accurata
712 557 975 628 temporrrm‘descriptlo
988 563 1012 609 in

121 628 250 695 quibusdam
261 633 369 677 vaticiniis
380 627 514 695 explicandie
525 628 760 695 pronunciarepotell,
778 642 852 692 utrum
865 629 891 677 ad
900 624 1013 684 Messinm,

121 698 152 745 arr
161 696 187 744 ad
200 696 272 744 alium
286 701 361 761 regem
372 695 490 745 'referenda
504 696 552 747 fint.
578 701 658 755 ¹litque
673 696 788 757 ejusmodi·
799 698 938 761 prophetias,
961 715 1012 762 quar

120 767 229 829 temporis
241 762 349 811 indicium
360 766 431 827 jubeat
440 764 467 811 de
475 763 552 812 Melha
563 764 682 829 explicare,
699 767 809 828 interpreti
820 763 871 811 licet
882 781 1013 812 annumera-

120 849 145 879 re
157 833 264 879 vaticiniis
274 830 482 891 Messcertillirnis,
497 829 591 878 stactatis
600 830 718 877 Melsrauae
728 843 779 878 uota
796 829 821 877 sit
838 832 926 878 evidens
941 850 967 878 ex
981 833 1013 877 hi-

120 897 222 959 stenar),
241 911 278 946 aut
288 916 314 947 ex
324 917 447 954 annorum,
465 898 499 947 vel
513 899 604 946 aliarum
616 896 759 961 periodorum
775 895 853 945 diserta
869 901 1015 946 enumeratio·

120 964 188 1027 neb),
225 969 309 1031 Neque
322 967 359 1014 illa
383 965 491 1014 certitudo
503 964 620 1018 evanescit,
643 977 680 1012 aut
693 967 849 1020 imminuitur,
871 964 1014 1022 fivaricinio,

121 1051 174 1080 cum
194 1037 253 1080 exitu
271 1047 414 1100 comparato,
440 1052 486 1081 uno
501 1034 536 1082 vel
551 1033 617 1079 altero
636 1049 695 1079 anno
711 1033 832 1079 aberratum
851 1031 892 1079 elle
907 1031 1015 1081 videatur.

119 1101 180 1149 Nam
194 1113 241 1147 tum
253 1119 327 1157 error,
345 1102 361 1149 li
372 1105 419 1166 quis
430 1099 558 1149 commissus
567 1099 608 1156 est,
626 1117 672 1146 non
683 1112 726 1147 tana
737 1101 857 1165 prophetis,
874 1118 941 1165 quam
951 1103 1014 1147 chro-

121 1166 222 1231 nologis,
240 1172 278 1233 qui
287 1166 350 1215 facile
360 1168 402 1216 labi
413 1171 560 1234 potneruntr),
577 1165 718 1232 imputandus
730 1165 772 1225 ell;
797 1178 834 1213 aut
851 1171 921 1231 potius
936 1165 1014 1215 diffen-

84 1284 87 1290 Ι
121 1232 169 1289 sus,
191 1238 229 1299 qui
244 1238 299 1282 inter
314 1236 488 1300 chronologiam
504 1248 524 1282 et
540 1237 680 1300 prophetiam
696 1232 821 1289 intercedit,
843 1232 1015 1299 componendus

121 1300 151 1347 eli
172 1299 325 1364 observatione
343 1307 444 1348 virorum
463 1300 657 1348 eruditissimorum
678 1299 797 1355 verissima,
828 1303 958 1365 prophetas,
971 1356 972 1361 Ἰ
985 1304 1017 1349 uti

121 1371 187 1413 etiarn
200 1384 260 1412 nunc
273 1370 295 1411 in
310 1370 351 1411 vita
363 1370 480 1411 communi
491 1366 538 1410 lieri
554 1365 631 1428 potest,
651 1382 719 1410 annos
736 1382 800 1412 cavos
813 1383 857 1428 pro
870 1367 1017 1430 plenir'com-

119 1430 233 1498 purass'ed),
268 1433 341 1496 Atque
352 1429 407 1477 adeo
418 1449 445 1477 ne
459 1446 507 1478 tum
518 1430 606 1497 quidem
617 1428 644 1477 de
654 1428 750 1479 vaticinii
765 1429 830 1489 Meis.
842 1436 930 1480 veritate
941 1437 1016 1483 aslum

121 1496 164 1546 else
180 1497 278 1552 videtur,
303 1516 355 1544 curn
372 1495 527 1562 discrepantia,
550 1501 604 1544 inter
620 1500 759 1564 prophetiam
779 1510 800 1545 et
821 1500 1016 1564 chronologorum

121 1567 314 1631 computationem
327 1563 474 1619 intercedent,
497 1582 543 1612 non
555 1564 623 1628 potell
635 1565 758 1618 conciliari,
776 1563 820 1613 ¹nisr
835 1568 950 1623 vocabula,
968 1573 1015 1635 qui-

122 1634 162 1681 bus
179 1648 291 1678 annornm
312 1649 418 1678 numerus
442 1633 583 1697 exprimitur,
606 1636 691 1678 ratione
708 1632 823 1688 extuleris,
846 1631 967 1682 dirersaah
982 1654 1014 1694 ea,

123 1718 190 1765 quam
202 1695 343 1745 Masoretlrae
358 1695 424 1745 secuti
439 1695 517 1757 suntr).
552 1700 639 1761 Etenim
656 1697 709 1745 leuis
724 1699 832 1760 ejusmodi
848 1705 953 1759 mutatio,
974 1701 1014 1750 lia

122 1778 227 1814 contextu
237 1771 257 1812 et
268 1762 307 1812 usu
321 1765 409 1829 liuguae
422 1763 592 1825 quodammodo
604 1761 743 1830 requiratur,
755 1770 826 1832 neque
841 1772 905 1814 omni
920 1768 1014 1817 admini-

123 1833 175 1880 culo
185 1830 264 1878 criseos
276 1831 414 1884 destituatur,
433 1831 569 1895 probabilior
579 1832 608 1878 ell
620 1832 803 1896 pronunciatione
817 1833 908 1898 uulgari.
944 1840 1015 1902 Atque

122 1899 173 1948 lica
189 1898 291 1955 admissa,
309 1898 417 1963 prodeant
430 1898 539 1961 ejusmodi
553 1898 652 1963 periodi,
676 1917 738 1964 quas,
761 1901 777 1946 fi
797 1903 862 1948 verba
879 1905 1015 1950 vaticinantis

123 1964 292 2015 accommodate
307 1965 334 2013 ad
351 1963 415 2013 usum
431 1965 537 2025 loquendi
552 1978 572 2012 et
589 1964 615 2013 ad
636 1979 760 2013 contextum
775 1968 930 2033 explicaveris,
953 1974 1016 2018 annia

122 2029 188 2090 eum,
207 2051 273 2099 quern
283 2035 359 2081 Iudaei
371 2044 476 2097 tempore,
485 2031 524 2080 isto
534 2036 559 2079 iis
571 2033 664 2080 tribuere
677 2031 790 2090 solebant,
803 2036 911 2083 ambitum
924 2035 1015 2102 assigna-

122 2105 194 2155 verit,
212 2100 371 2163 chronologias
382 2098 550 2148 verisimillimus
563 2098 644 2148 secutus
658 2098 736 2155 fueris,
760 2120 771 2147 a
785 2104 893 2168 propheta
911 2104 1015 2152 indicatas

123 2179 144 2214 et
156 2165 245 2220 iisdem,
264 2181 318 2229 quae
334 2165 504 2228 praefignilicnta
518 2180 590 2222 erant,
613 2170 694 2214 eventis
710 2166 833 2230 insignitas,
858 2170 947 2216 hilloria
962 2190 1014 2220 cum

124 2232 275 2300 praedidlioue
294 2230 384 2286 collata,
408 2231 549 2286 intellexeris,
572 2232 608 2278 illa
628 2232 730 2279 hilloriae
748 2247 768 2279 et
784 2235 947 2298 chronologiae
962 2257 1014 2289 cuna

123 2302 235 2355 numeris,
253 2317 263 2344 a
274 2311 294 2344 te
306 2301 328 2344 in
339 2297 429 2345 oraculo
441 2315 487 2346 non
498 2315 578 2346 temere
588 2299 660 2355 ledis,
677 2298 822 2364 conlpiratio,
842 2319 897 2367 qnae
905 2297 954 2350 vnon
964 2303 1015 2352 casu

122 2366 194 2434 potell
205 2369 346 2430 contingere,
363 2365 400 2412 tibi
412 2365 514 2430 praellat,
530 2369 553 2413 in
565 2366 671 2428 ejusmodi
685 2371 787 2415 vaticinio
804 2387 854 2416 uere
871 2368 948 2436 respici
962 2384 1016 2432 aeta-

123 2449 168 2482 tem
181 2432 278 2488 Messiae,
296 2432 312 2480 si
322 2432 356 2481 vel
367 2437 463 2480 niaxime
474 2439 518 2497 ejus
527 2446 592 2483 notae
603 2452 649 2483 non
660 2433 715 2484 adeo
725 2435 849 2486 luculentae
858 2437 928 2487 insint.
954 2443 1017 2488 Haec

125 2501 155 2550 est
164 2504 219 2575 ratio
230 2501 291 2553 Dan.
303 2518 326 2578 9,
340 2516 377 2561 24.
386 2497 432 2567 sqq.
440 2500 474 2563 f).

932 2642 956 2693 a)
965 2644 1021 2697 Ejus·
