2462 3246
272 165 309 237 ‘n
365 115 366 119 ‘

595 155 831 243 mesre

281 317 282 320 =
302 288 443 347 &Ejusmodi
451 293 547 338 ¹indicium
559 306 596 337 nor
606 292 698 350 reperilie
706 268 762 337 noliis
773 294 866 337 'videmur
880 292 928 337 Gan
944 304 978 348 49,
987 292 1018 341 io.
1031 295 1059 344 of,
1069 304 1117 354 §,.9,
1129 307 1163 348 101

328 346 383 390 idem
392 351 466 392 invenit
476 349 561 392 Grotius
570 349 643 403 Hagg,
655 365 673 392 2.
682 361 705 391 et
719 346 807 390 Molaria.
823 363 840 395 3.
848 350 890 394 ubi·
898 352 976 393 Meffias
987 366 1079 399 venturus
1091 359 1160 401 dicitur

278 428 282 432 >
327 403 353 444 arl
365 406 550 457 templumalterum
558 416 569 455 ,'
578 419 616 459 quo
627 406 771 449 nomtoereue
784 404 896 458 infiguitum
912 404 951 446 ell'e
967 412 1080 462 templum,
1089 416 1110 455 in
1119 427 1160 466 quo

328 457 359 499 hic
369 458 444 504 docuit,
460 460 495 501 etsr
504 462 551 502 illud
561 461 585 500 ab
596 458 677 501 Heroon
685 453 721 511 per
730 455 798 513 'partes
808 460 908 512 paullatim
923 461 1038 503 innovatum
1051 479 1091 508 erat
1098 481 1110 517 ,s
1119 481 1162 508 nro-

327 522 362 553 net
372 514 424 553 idem
435 515 462 554 vir
472 513 538 556 dotus
548 513 571 554 de
579 526 619 562 nra,
630 514 665 556 rai.
676 512 747 571 Carisi.v
755 529 774 568 p.
784 518 829 561 263.
839 514 900 568 idque
912 515 1005 569 copiosius
1017 517 1074 560 docet
1083 519 1162 577 Ernesti

327 563 642 627 Opusc.plril.et,ara't..p.352„
808 589 810 594 -
856 591 859 596 .
963 605 964 608 Ἴ

296 643 320 699 b)
335 649 443 698 Nonjerim
454 647 495 691 casu
504 635 631 704 'fieripotuim
645 661 667 693 ut
676 651 734 704 plane
744 649 815 694 eodem
830 649 913 693 nurnero
924 666 1031 704 annorum,
1047 659 1106 707 qu'em
1116 660 1164 710 prou.

323 701 384 756 pheta
395 698 517 758 definiverat,
533 704 668 760 praeterlapso,
678 718 711 755 ea,
726 717 776 762 quae
783 706 907 759 praedixerat
912 709 1041 759 ,everrirent

297 781 318 838 c)
332 786 376 825 Hor
388 787 482 841 colligere
495 788 541 828 licet
554 785 663 829 exdirerla
677 786 794 828 numerandi
811 787 897 837 rarione,
913 802 972 841 quam
989 776 1089 834 observare
1105 792 1160 845 licet,

324 840 397 883 collatis
407 842 500 895 operibus
513 843 577 883 chron.
588 843 676 896 pluribus
683 856 689 892 3
702 843 756 884 idem
766 839 805 896 ipsa
817 855 848 884 res
860 841 924 883 docet.

297 917 321 970 d)
337 918 368 964 Cf.
378 920 465 976 Ernestir'
472 921 513 977 inst.
523 922 606 976 interpr.
617 939 637 978 p.
648 927 695 968 216,

272 1029 273 1032 ,
295 999 317 1054 e)
332 1003 385 1043 Nam
398 1003 433 1044 etti
449 1005 615 1056 pronunciationi,
637 1001 775 1047 aMasorethis
788 1002 884 1056 servatae,
902 1016 984 1060 propter
998 1020 1021 1049 ea
1034 1009 1159 1067 argumenta,

318 1069 373 1110 ,quae
382 1055 463 1111 exposui
475 1060 496 1100 in
509 1057 586 1101 Vindia.
596 1057 648 1113 disp
661 1057 685 1099 de
700 1064 764 1101 aratro
778 1058 841 1102 Hebr.
855 1060 881 1103 P.
899 1074 914 1100 1.
927 1073 948 1114 p.
963 1076 993 1109 53·
1008 1074 1045 1104 etc.
1060 1066 1161 1116 majorem*

322 1112 456 1153 areornnem
467 1114 541 1164 tribuo,
558 1128 615 1167 quam
627 1115 746 1156 recentiores
756 1117 854 1168 plerique,
873 1129 911 1169 ego
924 1126 990 1157 tamen
1000 1120 1118 1172 putaverim,
1131 1120 1157 1160 iu

322 1164 428 1208 efferendis
437 1168 461 1208 iis
469 1169 577 1213 vocabulis,
591 1170 611 1209 in
626 1169 697 1221 quibus
708 1170 732 1210 ab
745 1170 853 1217 austorilrus
868 1172 926 1223 plane
939 1173 1004 1212 nullae
1018 1173 1111 1213 vocalium
1122 1187 1158 1213 no·

321 1230 353 1261 tae
362 1219 423 1263 elienr
436 1222 524 1267 additae,
537 1224 684 1277 jamtempore
697 1224 828 1278 aroiqorrlnno
843 1226 927 1279 aliquam
943 1228 1057 1268 varietatem
1072 1225 1157 1280 potoille
1176 1275 1178 1280 Ι

320 1275 386 1317 locum
395 1277 479 1327 habere,
494 1275 606 1331 praesertim
621 1280 641 1319 in
650 1281 743 1322 numeris.
754 1307 755 1310 η

289 1364 319 1419 j)
333 1370 377 1409 Hoc
385 1372 496 1417 ratieinium
506 1373 549 1422 quia
564 1360 623 1409 etiam
636 1363 722 1409 Grotius
734 1370 831 1410 existimat
847 1371 873 1410 de
886 1371 955 1411 Meffia
969 1384 1038 1423 agere,
1057 1375 1156 1424 etmulti,

321 1434 340 1464 υ.
352 1434 366 1463 c.
379 1421 482 1478 LeffltlSVP.
493 1438 509 1466 a.
519 1439 539 1477 p.
552 1426 597 1471 697.
611 1434 691 1476 propter
705 1424 799 1476 temporis
815 1419 951 1464 definitionem
965 1427 1095 1465 annumerant
1108 1441 1155 1479 pro·

312 1477 392 1530 plenis
402 1477 501 1519 Meffianis
512 1478 671 1524 euidentissimis,
689 1480 859 1530 operaepretium
873 1479 920 1525 erit,
941 1479 989 1518 illud
1005 1479 1029 1519 ad
1043 1492 1154 1534 praecepta,

320 1532 423 1585 hucusque
436 1532 514 1583 tradita,
534 1532 652 1585 examinare.
684 1532 761 1573 Occasio
776 1532 857 1583 quidem
874 1530 932 1582 hujus
951 1534 1022 1572 oraculi
1037 1534 1155 1588 intelligitur

321 1598 348 1626 ex
357 1587 466 1628 narratione
474 1585 580 1639 praemissa.
610 1587 710 1627 Nimirum
722 1583 803 1635 Daniel,
822 1586 927 1626 attendens
941 1586 964 1626 ad
978 1599 1082 1627 numerum
1095 1603 1155 1629 anno·

320 1653 375 1690 rum,
391 1654 453 1694 quem
463 1643 518 1683 Deus
527 1656 563 1694 per
571 1639 640 1682 Iararn,
653 1656 662 1678 α
667 1653 688 1688 5,
707 1653 737 1680 rr.
751 1653 780 1680 ra.
792 1653 822 1688 29,
840 1652 869 1681 ro.
883 1639 942 1679 exilio
959 1640 1097 1691 destinaverat,
1117 1645 1155 1683 mi·

318 1691 439 1737 sericorriiam
449 1696 492 1747 ejus
500 1697 596 1749 implorat,
612 1697 639 1744 (r.
652 1696 681 1743 a.)
694 1704 781 1747 peccata,
793 1707 876 1746 quorum
885 1706 959 1747 poenas
969 1690 1074 1747 Israelitne
1083 1698 1152 1738 exules

318 1749 402 1795 laboro,
416 1746 498 1795 fatetur,
513 1750 541 1801 (r.
554 1763 569 1793 5.
583 1762 612 1792 rr,
627 1762 656 1789 ra.
670 1761 698 1794 14,
712 1750 768 1796 ¹5-)·'
782 1750 889 1801 Deumque
899 1761 965 1800 rogat,
983 1761 1004 1790 ut
1014 1750 1087 1799 defluat
1099 1749 1152 1792 irasci

316 1801 461 1857 Hierosolymis
471 1814 491 1844 er
503 1801 671 1856 arontistlr'farro
681 1803 708 1852 (u.
722 1805 762 1852 πό.)
776 1813 836 1855 arque
847 1802 912 1843 denuo
923 1800 1152 1857 faveatfnnllnnrt'osuo

268 1883 270 1888 ‹
316 1857 387 1898 vallato
398 1862 425 1908 (v.
438 1858 477 1905 ¹7·)
486 1858 547 1910 idque
558 1870 638 1911 propter
647 1858 762 1907 dominum,
777 1859 799 1906 (i.
810 1870 828 1899 e.
842 1858 873 1898 rel
888 1867 969 1910 propter
982 1856 1105 1911 semetipsum
1115 1872 1151 1913 per

242 2613 249 2616 ”
294 2669 296 2672 ι
311 2632 343 2671 ro,
359 2620 450 2664 <livinitus
465 2619 514 2674 dari,
534 2621 636 2664 veritatem
649 2619 733 2669 cultores
745 2620 785 2661 Dei
798 2620 855 2661 multi
869 2620 995 2674 experientur
1005 2632 1032 2662 eu
1048 2630 1147 2675 tempore,

314 1911 446 1954 hebraismum
459 1910 502 1954 saris
511 1914 647 1965 frequentem,
663 1913 693 1954 uel
703 1923 783 1965 propter
790 1913 887 1960 llleffiam,
903 1924 962 1963 quem
971 1910 1062 1953 Danaas
1071 1912 1096 1954 Pl
1106 1929 1111 1952 r
1120 1927 1150 1964 ro,

316 1978 334 2009 ι,
346 1966 396 2008 adeo
406 1969 508 2008 dominum
521 1965 576 2008 suum
587 1967 653 2017 dixin)
667 1977 687 2006 er
696 1978 773 2019 peccata
784 1967 890 2016 condonet,
905 1970 931 2015 (v.
944 1969 985 2015 19).
1012 1969 1048 2009 His
1059 1968 1149 2021 precibus

313 2022 395 2071 auditis,
411 2020 494 2062 Gabriel
503 2023 572 2063 dieitur
586 2023 695 2076 prophetae
711 2018 819 2074 exposuiss'e
834 2022 871 2061 hoc
887 2023 997 2070 oraculum,
1018 2025 1044 2072 (v.
1060 2037 1090 2064 αα,
1106 2024 1149 2072 ²3)-

314 2076 344 2114 Ex
355 2075 385 2116 his
394 2088 484 2128 apparet,
503 2077 602 2124 currulium
613 2073 729 2125 Deifuiss'e,
748 2086 769 2114 ur
782 2075 921 2124 hocraricinio
935 2074 1014 2115 doceret
1026 2077 1148 2129 propheram,

312 2127 427 2180 promill'um
443 2130 468 2169 de
482 2129 608 2170 instaurandis
623 2126 702 2179 Hieros.
715 2139 735 2168 er
748 2130 823 2180 templo
838 2129 961 2168 cerriffimum
977 2131 1052 2169 exitum
1062 2130 1104 2171 effe
1116 2132 1149 2173 ha-

312 2184 405 2224 biturum.
434 2184 557 2234 oeconomia
568 2185 668 2232 carminis,
683 2184 703 2222 in
714 2196 754 2234 quo
765 2182 815 2221 inest
824 2183 921 2222 oraculum
933 2182 1030 2233 diuinum,
1046 2184 1073 2225 est
1081 2184 1148 2227 facilis.

311 2239 362 2279 Nam
382 2236 534 2293 1)figniiicatur‚
547 2237 577 2287 id,
593 2238 645 2290 quod
656 2233 738 2289 optafl'et
747 2234 828 2285 Daniel,
844 2247 960 2277 eventurum
971 2239 1020 2279 intra
1031 2239 1117 2294 tempus,
1125 2240 1146 2281 h.

312 2293 326 2334 l.
336 2304 424 2334 accurate
432 2291 537 2334 definitum
546 2307 562 2334 v.
574 2305 604 2336 24.
643 2291 664 2342 a)
683 2293 748 2345 Magis
760 2292 852 2343 explicite
867 2292 963 2332 indicatur
979 2306 1072 2345 numerus
1088 2308 1148 2335 anno·

313 2360 368 2394 rum,
384 2349 417 2401 qui
428 2344 490 2387 essent
501 2344 647 2400 praeterlapsuri
658 2345 704 2386 inde
717 2346 741 2385 ab
754 2346 817 2385 edilia
833 2347 859 2386 de
873 2344 970 2400 Hierosol.
982 2347 1107 2391 instaurandis
1117 2363 1147 2390 ur·

313 2414 352 2454 que
362 2403 386 2442 ad
398 2415 466 2455 regem
475 2402 563 2444 illumin
568 2415 584 2446 5.
616 2400 636 2452 3)
652 2402 713 2440 Prima
723 2401 803 2453 quidem
819 2399 974 2452 perimamur,
993 2400 1057 2442 forum
1072 2414 1093 2444 er
1105 2405 1146 2445 loca

311 2456 380 2508 judicii
389 2458 490 2498 instaurata
502 2454 653 2508 conspicientur,
666 2469 682 2495 v.
694 2468 724 2498 ας.
754 2458 775 2504 4)
789 2456 855 2495 Altera
864 2455 945 2507 periodo
955 2456 1091 2509 praeterlapsa,
1110 2471 1146 2498 rex

311 2512 346 2551 ille
355 2510 492 2560 interficietur,
507 2525 525 2552 v.
535 2513 565 2552 26.
594 2510 615 2559 5)
631 2513 684 2550 Tum
696 2511 779 2562 populus
794 2510 847 2550 ducis
862 2510 962 2562 eujusdam
975 2510 1061 2552 destruet
1074 2512 1145 2553 urbem

310 2563 404 2612 sanilam,
418 2566 524 2619 omniaque
535 2564 614 2607 vastabit
626 2576 688 2616 nsque
701 2564 797 2619 adfinem
814 2564 872 2613 belli,
886 2579 902 2606 ν.
915 2566 946 2604 26.
980 2566 1002 2615 6)
1017 2565 1103 2606 Promiffi
1113 2569 1144 2607 ve¹¹

1103 2689 1143 2745 rr·
