2462 3246
467 167 521 246 aar
558 162 606 238 aa
645 154 700 247 aar

133 318 135 320 ·
155 293 157 297 Α
189 296 280 351 euticeti,
289 299 334 356 quia
346 309 386 343 tum
396 289 442 343 huic
451 298 547 342 formulae
557 304 596 341 non
607 301 693 355 duplex,
706 296 884 354 secl-idemffisensue
895 299 999 350 tribuitur,
1016 299 1048 341 sci-

188 358 284 399 licet‘hic:
304 359 419 412 religionem
430 353 626 409 Hierosolymit'anam
639 357 735 411 accipient
745 358 804 398 etiam
814 357 944 412 Aegyptiaci,
960 356 995 397 eth
1006 356 1045 397 hoc

131 419 133 421 ’
188 409 262 452 diuerso
273 422 361 467 tempore
369 412 441 460 saelum
450 409 493 462 effe,
504 422 587 451 euentus
598 411 662 451 docet.
972 423 974 426 ·

155 493 184 544 g)
200 494 248 533 Nam
259 496 279 534 in
291 487 365 548 genere
375 482 440 547 insunt
450 492 536 547 fingulae
545 490 632 540 formae3
647 486 704 544 atque
714 490 778 546 per-le
788 492 909 546 intelligitur,
917 494 989 542 Deum,
998 482 1042 532 cum

125 578 128 586 t
168 574 172 579 -
186 545 291 588 uniuersam
301 547 414 596 felicitatem
425 549 521 601 promittit
533 545 579 590 luis,
590 548 619 586 eis
629 547 687 586 etiam
698 548 786 600 polliceri
798 545 880 600 fingulas
891 549 933 588 eius
948 544 1041 600 ouasdam

183 612 259 654 pareest
278 601 311 644 sed
327 604 371 656 quia
387 599 586 655 eiusmodi-promissa
604 615 644 641 non
660 599 703 646 sunt
717 600 758 642 latis
778 600 870 650 definita,
894 603 913 641 in
929 597 1041 654 uniuersum

128 688 140 694 .,
183 655 244 695 etiarn
259 651 300 695 sunt
310 657 430 709 accipienda,
445 657 464 699 id
476 657 542 698 temen
554 655 702 695 concedendum
712 647 748 704 est,
760 667 783 697 eu
793 652 867 696 diverso
881 665 974 708 tempore,
985 655 1040 708 poil'e

183 708 223 752 dici
238 709 312 759 exitum
326 710 422 758 habuill'e,
442 711 455 751 fi
467 711 545 752 historia
560 710 640 758 doceat,
656 708 693 750 hoc
709 719 799 763 tempore
808 709 867 761 binc,
879 709 987 771 alio‘aliatp
998 724 1040 763 pat·

131 797 133 801 .
176 773 226 803 'tem
235 760 332 804 felicitatis
343 762 451 811 praedictae
463 762 564 814 contigille
578 764 661 806 ludaeis.

132 857 133 860 ’
157 837 180 896 b)
195 845 238 884 Hoc
247 841 318 891 diserte
330 844 375 884 dicit
387 843 455 883 Paulus
465 841 489 883 ad
499 840 544 882 Gal.
560 854 583 893 a,
594 856 626 888 24.
639 847 694 894 quia,
704 846 751 885 :lum
762 844 859 886 historiam
874 845 900 887 de
908 844 1000 896 limaele,
1013 858 1040 886 ex

183 901 262 951 Hagare
276 910 297 938 ct
312 898 337 938 de
350 896 423 946 isaaco,
436 910 462 937 ex
475 898 520 938 Sara
529 908 587 943 nato,
597 897 624 937 ait
633 895 740 950 fignificare
750 896 775 937 V.
787 907 808 934 ec
819 902 843 935 Ν.
854 903 878 935 Τ.
894 902 1040 947 oeconomiam,

133 1001 134 1004 Ἴ
183 952 248 992 addit:
277 947 369 998 diritati
386 948 533 1002 daaayagor'pria.
570 953 641 1003 Neque
655 951 693 990 hoc
709 962 772 1004 genus
787 949 983 999 accommodationis,
999 964 1039 1002 quo

185 1005 367 1047 mii-incedebam
376 1004 419 1046 sunt
429 1003 507 1060 Iudaei,
522 1005 640 1058 reprehendi
649 1003 714 1057 polle,
730 1014 799 1045 mouet
808 1001 1037 1054 Samlrrurad'librum

166 1060 217 1113 «pn
226 1056 344 1105 inscribitur:
359 1057 536 1113 Philofiipliiu'Sca
543 1055 562 1113 s
572 1059 676 1112 interpres,
695 1073 715 1111 p.
728 1069 772 1104 203.
799 1090 801 1094 .

133 1185 134 1189 Ἰ
155 1138 173 1189 i)
188 1143 252 1194 Negat
262 1142 342 1193 quidem
355 1140 402 1193 Rati
414 1144 435 1182 in
450 1141 511 1189 libro,
520 1136 664 1192 Freymlltltt'g'e
681 1132 834 1191 Uritrrsiiihuug
852 1135 900 1179 liber
910 1136 943 1180 dic
957 1138 1039 1194 Tppolu-

181 1194 227 1246 gia,
244 1205 293 1242 1784
303 1196 370 1245 edito,
379 1208 437 1251 typos
446 1193 590 1237 lllelhaefuisl'e
601 1195 700 1243 honiines,
708 1195 728 1233 in
739 1195 764 1234 V,
776 1194 802 1231 T.
813 1192 887 1242 obuios,
902 1196 1039 1247 quiaeiusmo·

182 1250 203 1289 di
217 1262 275 1303 typos
285 1251 395 1299 intellexit,
410 1252 431 1290 in
446 1263 528 1303 quorum
538 1249 596 1291 rebus
606 1249 664 1302 gestis
675 1258 696 1288 et
705 1246 748 1288 fatis
760 1243 967 1300 inesseurprophetiae
978 1248 1037 1293 Meff.

183 1318 232 1356 quas
246 1305 339 1356 equidem
353 1302 379 1346 ne
388 1317 434 1345 eum
446 1304 525 1355 quidem
539 1305 560 1342 in
571 1305 622 1357 typis
632 1313 755 1355 reperturum
765 1298 804 1340 elle
815 1310 895 1353 putem,
905 1303 939 1355 qui
952 1316 986 1345 eos
996 1302 1039 1344 setr-

156 1378 158 1381 ·
183 1356 205 1397 [n
214 1358 287 1397 eodem
296 1359 384 1409 accipiat,
401 1372 441 1409 quo
458 1355 596 1397 eordefentiit
617 1353 721 1407 Blaschius
734 1352 939 1397 circumornatae
950 1356 990 1409 Ep.
1008 1357 1037 1399 ad

184 1408 235 1451 Etr.
261 1413 310 1450 Nam
325 1412 354 1449 rel
373 1411 397 1451 fic
412 1410 491 1450 concedi
506 1409 578 1458 debet,
594 1422 663 1449 omnes
673 1409 715 1449 illas
726 1410 822 1456 actiones,
838 1409 908 1461 quibus
918 1408 1034 1453 resluturas

182 1463 274 1509 indicari,
284 1475 364 1516 putant,
375 1477 416 1505 non
427 1462 475 1511 else,
486 1463 519 1505 nili
529 1464 613 1504 aulones
625 1461 749 1516 symbolicas,
764 1473 815 1514 quae
829 1463 972 1514 tumssdemum‚
987 1479 1034 1507 cum

135 1558 138 1568 ι
181 1519 284 1570 explicatio
294 1518 392 1566 adiicitur,
403 1517 455 1569 quod
466 1515 513 1557 solet
522 1517 574 1562 fieri.
587 1516 633 1557 dum
645 1519 698 1559 Deus
712 1518 734 1558 iis
750 1516 775 1556 ali
790 1516 822 1556 uid
831 1516 871 1558 vult
884 1517 997 1572 significari,
1006 1521 1032 1561 vi·

182 1585 215 1612 ces
226 1572 374 1625 prophetiarum
385 1571 476 1614 sustinere
486 1570 572 1624 poliunt,
586 1585 626 1612 non
638 1571 718 1625 quidem
733 1584 768 1625 pet
776 1529 805 1619 de,
815 1567 847 1610 sed
858 1583 938 1625 propter
946 1572 1031 1616 'effatum
1087 1604 1089 1606 -

133 1626 135 1630 ’
161 1627 222 1682 3Dei
233 1626 332 1672 additumt
348 1627 386 1666 hoc
396 1630 448 1667 enim
459 1637 536 1679 poterat
544 1626 694 1679 ambiguitatem
705 1636 725 1665 et
734 1622 870 1667 obscuritatem
881 1640 989 1677 remouere,
998 1642 1033 1669 ne-

174 1677 259 1721 cessario
270 1681 391 1721 coniunctam
406 1692 449 1721 cum
464 1677 557 1722 eiusmodi
572 1681 657 1729 achone,
672 1683 725 1720 cuius
736 1677 836 1733 confilium
850 1694 890 1721 non
904 1682 957 1722 aliud
974 1681 1032 1723 soille

121 1739 124 1745 '
180 1734 263 1782 videtur,
274 1733 308 1774 nih
317 1734 365 1780 hoc,
378 1746 400 1775 nt
410 1748 464 1775 aures
477 1745 497 1774 et
506 1735 581 1776 animos
592 1735 676 1788 erigeret
687 1733 710 1774 ad
720 1733 839 1788 audiendum
850 1744 870 1774 et
884 1736 993 1784 tenendum
1002 1737 1030 1787 id,

182 1786 236 1843 quod
249 1788 344 1840 propheta
355 1788 402 1829 ell'et
411 1789 547 1839 praedicturus>
576 1789 730 1844 Hincequidetti
741 1801 781 1839 non
796 1788 854 1828 auhni
867 1788 915 1828 haec
930 1792 1030 1845 appellare

135 1862 137 1868 ·
179 1844 268 1884 uaticinia
278 1842 341 1882 realia
351 1855 393 1883 cum
406 1841 472 1898 Crofio
482 1844 501 1883 in
515 1841 576 1883 Theoi.
587 1842 657 1895 proph.
667 1843 687 1886 tt
696 1844 711 1884 Ι,
722 1853 784 1894 praa.
816 1844 899 1892 ¹Verum
912 1844 933 1884 id
946 1844 1030 1887 defendi

180 1896 253 1950 potest,
265 1896 387 1948 quodmodo
397 1895 543 1951 proposuimus3
558 1899 602 1950 quia
612 1901 622 1938 a
632 1898 688 1939 nobis
700 1907 741 1951 non
748 1893 838 1946 sumitur,
848 1910 882 1946 ea,
894 1911 944 1949 quae
954 1900 1031 1951 Daridj,

136 1983 137 1987 ,
180 1951 212 1991 uel
222 1951 254 1990 alii
266 1950 342 1993 homiui
353 1952 473 2000 tribuuntur,
484 1952 586 1993 continere
595 1953 706 1992 vaticinium
715 1948 773 1992 Men:
789 1951 819 1990 vel
833 1952 985 2004 praedictionem
1001 1955 1030 1994 di·

181 2003 251 2046 lectam
264 2017 342 2054 eorum,
357 2019 407 2061 quae
416 2006 461 2047 huic
471 2007 517 2047 olim
529 2003 590 2046 ell'ent
600 2016 704 2053 ercntura3
723 2002 754 2045 led
765 2004 784 2044 id
795 2006 925 2056 contenditur,
936 2008 975 2047 Dei
984 2022 1028 2060 pro·

180 2059 267 2101 videntia
277 2058 348 2101 fallunt
360 2059 410 2110 effe,
423 2071 444 2102 ut
454 2061 505 2101 inter
517 2073 549 2108 ea,
565 2071 614 2112 quae
624 2061 660 2102 illis
674 2071 694 2100 et
710 2058 791 2100 Melhae
808 2060 918 2109 evenirent,
934 2071 987 2101 tanta
996 2064 1028 2104 iu-

138 2146 140 2149 .
178 2106 295 2167 ¹f’t‘r'r'cedseret
312 2114 427 2164 limilitndo,
446 2125 517 2170 quanta
534 2111 628 2158 sufficeret
643 2114 748 2168 Apostolis-
758 2112 783 2158 ad
793 2112 973 2167 >demortsttttndunt
990 2113 1029 2160 luis

181 2165 307 2219 aequalibus,
319 2166 388 2211 seriori
400 2168 476 2210 tradere
485 2182 515 2209 res
528 2171 587 2225 plane
601 2169 701 2213 iirauditar.

7 2362 9 2368 ὦ
191 2301 212 2365 §.
225 2302 246 2350 a.
281 2304 365 2353 Eadem
383 2308 439 2362 ratio
455 2302 484 2352 est
500 2304 578 2353 eotn'tn
596 2301 770 2365 Melitae,atque
780 2302 907 2369 religionis,
922 2305 1029 2371 pereum

55 2420 58 2423 Δ
126 2367 306 2431 introducendae,
317 2386 437 2440 typorum,
458 2390 512 2438 qnos
526 2375 548 2419 in
564 2371 621 2420 cultu
633 2371 721 2420 levitico
736 2370 813 2429 incise,
826 2371 860 2420 vel
877 2372 909 2421 illi
923 2371 1032 2424 debebant

126 2434 261 2504 cqssoedefei
282 2446 318 2499 riui
330 2440 449 2507 sequuntur
463 2443 565 2506 Spcnceri
577 2437 704 2500 seutentiam
714 2444 748 2496 ⁰),
760 2458 788 2487 ne
804 2440 829 2487 ab
844 2457 923 2489 eorum
938 2440 1030 2508 quidem

128 2501 248 2551 dodorim]
257 2508 358 2571 ecclehae
371 2505 484 2573 antiquae,
503 2511 574 2573 quiin
589 2507 649 2561 libris
665 2505 735 2569 Mofis
744 2508 834 2572 ,ubique
849 2505 895 2556 fere
909 2511 1032 2575 reperirent

127 2569 276 2636 Oe'cottorttiae
287 2569 319 2627 N}
327 2579 357 2625 T.
367 2570 497 2642 imaginem,
508 2577 616 2643 opinione
630 2575 785 2622 abhorrentem
803 2574 830 2636 l³).

587 2702 602 2739 B
618 2711 628 2736 a
945 2699 969 2748 ti)
982 2696 1030 2739 Rati
