2462 3246
456 163 691 247 QQoi'
808 202 811 204 >
987 165 1022 246 '25

175 302 315 361 allegationem
331 295 389 345 solam
408 304 449 343 r'om
465 298 504 355 elie
520 298 658 342 confecturum·
701 303 743 343 Nec
759 306 826 351 tamen
844 297 988 355 spernendum
1001 303 1029 346 cst

175 363 228 414 quod
245 356 307 412 Apor.
323 372 351 408 tt,
364 373 381 408 9,
402 370 432 405 oo,
446 372 464 399 2.
478 356 502 397 ad
518 356 542 398 h.-
553 357 565 399 l.
582 357 683 407 alluditur,
698 368 719 397 et
732 358 805 410 quoda
819 356 866 408 Cor.
880 372 916 402 ¹12>
925 356 1030 413 sserprns

176 417 256 468 quidem
270 416 339 456 dicitur
352 410 449 467 derepiffe
460 415 532 459 Evam,
548 423 567 462 at
577 410 619 454 tot.
631 421 648 460 8,
659 425 689 458 aa⁴
700 411 796 453 diadolus
827 414 890 456 Cuius
904 416 980 456 mentio
990 417 1003 456 l.
1013 429 1029 456 c„

172 470 217 510 fieri
227 483 266 511 non
276 481 358 523 poterat,
374 470 419 522 quia
429 469 472 508 eius
484 466 557 506 nnllam
567 468 625 520 primi
638 467 731 509 ,laomiues
740 466 973 510 habueruntnotionem.

143 523 163 575 t)
181 527 207 564 H.
221 525 232 567 l.
248 539 288 566 non
302 538 327 565 ex
340 524 394 565 verb.
403 533 440 575 ego
455 534 489 563 aro
501 526 563 574 pater
572 521 620 572 eins,
631 519 725 575 sequitur,
737 524 768 577 agi
779 523 893 573 de'Mellia,
904 522 939 564 etfi
949 535 973 564 ea
983 525 1042 566 lruic'

171 577 221 620 Etr.
234 593 250 629 r,
263 593 280 624 ς.
292 578 474 624 accommodantur-3
489 590 535 617 nam
548 587 654 618 contextus
666 589 689 617 ea
699 576 759 618 refert
771 576 848 619 adeam
859 575 948 618 Davidir
958 593 1031 633 proge-

171 635 236 679 niem,
251 647 302 686 quae
313 633 371 687 poffit
379 644 471 687 peccare;
489 629 523 672 sed
534 645 559 672 ex
570 646 588 673 v.
603 644 632 678 13.
642 632 675 672 ubi
688 644 771 685 regnum
784 634 826 674 eius
840 632 1028 683 dicitur-[aeternalia

171 689 325 729 continuandum
335 690 409 741 quippe
418 686 512 740 aMeffia.
527 688 594 738 Quam
605 688 788 739 interpretationem
799 685 843 728 usus
853 686 976 741 loquendiet
985 702 1031 728 con·
1050 719 1052 722 .

173 753 240 783 textus
249 743 335 783 admittit
340 757 346 790 ;
360 739 474 795 promili'nm
483 750 550 781 autem
562 738 587 782 Pi.
601 750 631 790 89,
650 753 675 794 39
687 737 740 792 seqq.
753 743 865 794 repetitum,
881 743 973 794 requirit,
985 744 1031 796 quia

171 793 239 839 miani
253 799 361 850 explicatur
370 809 405 849 per
416 806 478 837 mann
489 804 538 844 tnta,
552 809 568 836 v.
581 808 612 841 30.
627 808 663 848 per
669 804 735 844 unna,
745 810 761 836 r.
771 808 801 843 37.
817 808 837 835 et
845 806 941 850 petrina,
957 812 973 843 t·
985 806 1017 842 aa.

105 868 107 872 ’
145 859 170 912 d)
184 864 228 902 Hoc
237 863 274 901 iam
284 856 512 913 agnovitlasttarnart.
522 871 537 899 c.
546 855 620 910 Trypit.
631 871 651 911 p:
658 871 704 907 294.
720 857 781 909 idque
791 859 925 909 comparandis
935 858 1030 899 vaticiniis

173 915 314 956 recentioribus
324 918 370 953 'cnm
383 915 468 966 antiquis
482 913 605 965 intelligitur.
636 912 694 955 Ceut
709 910 782 952 Seileri
790 922 864 963 progr·
881 910 904 953 da
916 911 976 954 diviti.
990 917 1031 955 aot.

172 969 198 1011 nd
208 968 261 1011 dulit.
273 968 293 1008 in
302 968 387 1021 'interpn
399 967 458 1008 natio.
470 972 528 1008 carita
537 963 655 1020 discernenti.
666 982 685 1020 p.
695 980 700 1004 1
709 980 724 1008 r.
740 969 785 1006 Nou
797 979 845 1020 ergo
854 980 924 1010 omnes
934 967 978 1008 fere
988 980 1032 1020 pro·

172 1023 363 1080 phetae'materiam
372 1037 396 1063 ex
401 1022 461 1064 Musis
471 1022 524 1064 libris
531 1021 632 1072 ¹haustam,
644 1033 722 1062 tantum
729 1021 770 1061 aliis
777 1020 895 1074 imaginibus
902 1031 1030 1063 exornarunt„

174 1125 194 1189 §.
208 1142 230 1185 9.
264 1125 359 1172 Ut'veto
370 1139 447 1171 eorum
460 1121 579 1183 iocorum,
590 1124 612 1169 in
622 1137 678 1186 quos
690 1137 729 1187 per
743 1118 814 1168 nsum⁴
821 1119 929 1185 loquendi
943 1132 964 1168 et
977 1139 1030 1170 cona

106 1209 107 1215 ¹
119 1204 203 1243 textum
215 1190 295 1255 duplex
309 1188 367 1237 cadit
378 1189 508 1254 explicatio,
518 1207 543 1237 ea
554 1188 584 1235 eli
592 1186 750 1254 praeferenda,
765 1188 875 1251 quaeres
887 1188 943 1236 locis
955 1191 984 1237 N.
1000 1190 1033 1239 T.

105 1258 240 1327 parallelis,
251 1257 285 1306 vei
300 1261 333 1313 ei,
342 1277 343 1280 ¹
351 1257 413 1317 qnod
425 1274 475 1306 vete
485 1254 591 1312 evenisse,
603 1273 630 1303 cx
639 1255 729 1303 historia
745 1253 841 1311 constat,
855 1255 886 1302 esi
903 1273 1031 1305 accomm0=

114 1325 238 1382 dodisma,
255 1329 307 1385 qnia
316 1336 406 1370 euentus
418 1327 516 1388 optimus
528 1321 673 1370 obscurorum
684 1325 842 1371 vaticiniorum
854 1322 884 1369 etl
896 1322 1032 1387 attigisset-⁰),

119 1398 148 1441 ita
162 1396 227 1439 etiarn
239 1394 304 1453 aequi
314 1392 436 1452 interpretis
449 1388 493 1442 esi,
514 1384 539 1433 in
553 1388 687 1450 explicandis
702 1392 728 1433 iis
741 1389 797 1434 locis
810 1387 936 1451 priscorum
952 1395 1032 1438 canni-

119 1478 187 1513 num‚
205 1461 229 1504 in
241 1456 318 1520 quibus
329 1466 403 1518 gentes
414 1454 449 1501 vel
462 1469 523 1514 reges
535 1470 613 1500 ornnes
629 1456 652 1500 in
662 1456 705 1501 Dei
720 1466 756 1501 aut
767 1457 824 1519 regis
838 1454 931 1503 alicuius
941 1456 1033 1504 colendi

120 1539 141 1575 et
155 1516 262 1574 odorandi
279 1519 404 1568 societatem
420 1533 539 1575 vocantur,
557 1517 660 1567 israelitis
673 1521 774 1584 liberatio
787 1539 798 1568 a
814 1526 908 1588 peccatis
923 1528 1034 1589 promitti·

120 1607 168 1649 tur,
186 1594 228 1639 Dei
243 1606 337 1654 regnunt
352 1600 465 1635 aeternum
483 1586 618 1653 appellatur,
636 1605 710 1648 neque
725 1599 830 1637 contextu
847 1588 957 1638 eiusmodi
968 1596 1034 1641 inter„

120 1662 266 1728 pretationem
278 1653 396 1703 necessario
408 1658 534 1720 requirente
540 1666 550 1716 ,'
565 1671 636 1717 neque
646 1653 738 1703 Melitae
747 1667 784 1703 aut
796 1659 859 1722 tegni
869 1655 974 1706 Matiani
994 1676 1035 1706 no·

102 1765 104 1768 .
121 1733 147 1776 tis
163 1725 277 1776 luculentis
294 1721 384 1778 additis,
399 1725 518 1786 unicnique
533 1725 651 1785 optionem
664 1720 737 1769 facere
752 1725 867 1777 vaticinia,
887 1742 944 1790 quae
959 1726 985 1771 iis
1001 1729 1034 1774 in,

120 1794 185 1848 sunt,-
200 1793 322 1858 prophetiis
330 1788 394 1837 Meis.
407 1788 582 1849 annumerandi,
593 1790 628 1837 vel
638 1789 689 1838 inde
701 1788 813 1837 eximendi
822 1789 853 1848 i).
885 1794 960 1839 Huius
971 1810 1037 1857 gene„

56 1912 58 1915 ,
122 1867 151 1911 ris
163 1859 438 1921 estPf117.138.130‚
450 1866 471 1909 8.
486 1861 589 1912 146,10.
623 1854 1038 1908 Ateiusmodi-oracuiacertisvatici·

123 1932 165 1978 niis
177 1922 289 1973 accensere
301 1940 347 1969 non
357 1922 418 1977 licet,
437 1920 477 1969 nisi
488 1926 594 1986 temporis
607 1934 683 1970 notam
694 1921 822 1988 impressam
837 1926 942 1981 habeant,
954 1944 982 1975 cx
994 1945 1036 1993 qua

105 2014 106 2017 ¹
124 1994 215 2048 Melitae
225 2004 317 2040 aetatem
333 1988 452 2055 agnoscere
466 1994 506 2038 uos
519 1989 704 2047 iubeathiiioria,
728 2004 752 2039 ut
765 1991 821 2042 Gen.
831 2008 871 2054 49,
885 1998 943 2051 rof)

103 2107 106 2112 ⁴
152 2092 177 2141 a)
191 2086 259 2129 Insunt
269 2087 322 2126 enim
337 2085 431 2125 vaticiniis
445 2083 563 2138 quibusdam
580 2085 678 2138 imagines
691 2082 789 2127 obscurae
831 2087 895 2128 Cuius
913 2084 1035 2131 obscuritatis

179 2140 351 2191 cauffapraetipua
361 2150 402 2179 erat
413 2139 469 2188 haec,
486 2140 539 2192 quod
549 2141 641 2181 notiones
653 2153 716 2181 novae
726 2140 790 2181 verbis
800 2141 838 2181 iam
852 2140 936 2190 usitatis,
952 2140 984 2183 sed
996 2154 1034 2183 tro·

178 2198 232 2250 picis,
242 2192 455 2245 exprimendae-aut,
466 2192 528 2232 fitum
535 2194 633 2234 deberent
643 2195 728 2246 intelligi
734 2209 740 2241 3
753 2195 853 2233 interdum
864 2205 929 2235 tamen
940 2209 983 2235 earn
995 2209 1034 2237 cre·

179 2251 223 2291 nbat
233 2244 272 2301 ipse
282 2247 355 2293 aditus,
369 2258 427 2298 quem
443 2247 519 2287 animus
533 2249 617 2298 peccatis
628 2258 702 2293 eorum¹
713 2260 762 2298 quos
775 2247 909 2299 alloquebatur
922 2251 1032 2303 propbeta,

178 2308 250 2351 iratus,
263 2300 298 2341 nni
308 2298 438 2354 patefaciebat
451 2300 474 2340 ad
488 2302 605 2341 vaticinium,
633 2296 718 2340 Iacobus
733 2301 824 2353 quidem,
840 2303 868 2342 uti
878 2303 916 2343 iam
931 2302 1001 2344 Tuan
1012 2308 1034 2349 in

180 2356 258 2415 Qpaafl.
273 2369 314 2397 tro,
326 2356 350 2396 ad
361 2354 408 2396 Geta
420 2368 451 2404 49.
463 2352 557 2402 observat,
573 2355 599 2405 id,
612 2356 665 2408 quod
674 2357 720 2396 Levi
727 2356 863 2409 praediffinita
870 2359 974 2411 eloquitur,
982 2361 1034 2412 qrrali

179 2426 265 2470 poenam
273 2413 300 2453 illi
307 2412 439 2452 annunciaret.
452 2409 550 2451 Sedistam
559 2407 696 2463 dispersionem
703 2413 812 2451 Levitarum
819 2412 909 2465 dignitati
915 2413 979 2453 datam
989 2415 1034 2468 elle,

119 2512 120 2515 Ἴ
179 2471 245 2510 exitus
254 2466 327 2513 (locuit,
337 2476 396 2518 atque
407 2464 432 2505 fic
441 2464 522 2506 omnem
530 2462 666 2506 obscuritatem
672 2463 750 2506 sustulit.
780 2467 833 2505 Licet
843 2467 935 2519 igiturex
943 2471 966 2509 Ν,
973 2472 992 2509 T
1005 2484 1034 2522 ea,

132 2542 135 2546 “
181 2537 231 2578 quae
243 2524 263 2562 in
273 2524 298 2562 V.
312 2524 336 2562 T.
346 2522 378 2561 rel
392 2518 435 2560 sunt
445 2519 509 2573 paullo
519 2517 639 2566 obscuriora7
653 2521 684 2560 vel
692 2534 734 2561 nou
745 2517 787 2560 satis
797 2519 891 2564 delinita,
902 2535 927 2561 ex
939 2524 964 2562 N.
973 2529 999 2567 T,
1013 2539 1035 2568 et

180 2573 267 2621 universa
279 2575 356 2616 lristoria
367 2575 450 2616 definire
457 2589 462 2623 3
478 2573 528 2615 cons.
537 2572 625 2615 Sanam
638 2588 658 2627 p.
672 2588 700 2620 ta,
730 2577 771 2614 Nec
782 2584 848 2617 tamen
861 2575 890 2617 fas
903 2575 962 2627 eliste
972 2594 996 2623 ea
1007 2582 1036 2624 in.

180 2634 232 2676 serre
245 2630 424 2684 propliariisgquae
433 2631 456 2673 lis
467 2641 494 2672 ert
503 2627 537 2672 usu
546 2628 641 2685 loquendi
654 2630 714 2682 plane
724 2642 765 2671 tion
775 2627 839 2672 infiat.

92 2741 94 2744 ι
152 2689 174 2743 tl
189 2688 221 2734 Cl.
232 2684 300 2730 Salar.
313 2696 374 2740 pro.

89 2742 91 2745 ⁴
121 2762 135 2768 ¹=
591 2741 612 2782 D
957 2739 1039 2792 effins-
