2462 3246
232 193 267 236 12

563 171 798 251 meon

259 308 292 360 a)
304 303 446 362 narrantem
461 304 474 346 l.
484 299 522 348 ol.
531 317 549 349 a.
564 301 641 351 sumens
649 315 704 359 ,cum
714 305 825 359 spernere,
838 303 886 347 ritus
895 302 1099 367 leviticotplerooque
1108 296 1132 347 ab

229 417 255 455 Χ
287 417 355 461 di.c.

286 364 360 405 exteris
384 359 462 402 entibus
472 358 575 412 repetitos,
585 360 645 400 etiam
652 359 688 401 bos
695 370 752 415 typos
763 368 904 414 negamurque
914 360 932 400 ei
942 371 962 400 et
973 358 1133 415 Hosnogcltusin

369 375 383 456 d
394 428 411 455 o.
424 413 449 455 de
459 413 528 455 eadem
538 427 559 454 re
569 410 688 468 disputanti,
698 415 736 455 boc
745 415 868 469 largiendum
879 412 918 455 else
927 416 1086 466 existimauerim,
1098 428 1135 467 pet

286 471 399 529 ritusvillom
413 481 452 523 per
465 464 484 523 le
498 468 578 522 quidem
597 466 697 519 obscuros,
712 470 776 510 Deum
794 484 835 511 raon
851 481 890 516 tam
905 468 984 511 voluisse
994 472 1077 517 reddere
1086 466 1142 511 blei:

285 524 341 574 fiam,
362 538 421 578 quam
434 525 512 577 pietatis
528 537 575 577 erga
591 522 654 578 ipsum
667 533 687 564 et
702 536 759 566 retae
776 526 851 567 uirtutis
869 521 1000 578 disciplinam,
1019 528 1092 579 populo
1102 523 1136 565 isli
1179 532 1180 535 ’

284 592 365 634 aptam„
385 582 429 626 Hoc
439 591 499 620 unum
512 580 567 630 enim
576 579 641 632 potest
649 577 701 620 effici
711 583 738 619 'ex
749 575 783 633 est
795 586 827 624 5¹0.
839 575 873 630 Pſs
887 591 918 624 51.
932 576 967 634 Es
980 578 995 623 ι’.
1005 579 1105 625 Iurene-7.
1115 585 1136 618 et

284 632 334 691 Hofi
345 638 364 677 6.
393 635 460 687 ritqrte
472 634 492 673 in
509 629 544 686 Pf.
553 643 588 686 4ο.
605 632 684 675 Meibas
701 642 778 674 tantum
794 633 897 688 fignificat,
918 631 940 679 se.
949 637 998 677 ltauc
1012 633 1037 674 ob
1050 631 1136 683 caussam,

284 692 315 733 uti
330 686 507 744 praeditumellet
516 690 537 730 in
547 689 675 730 pentateuchi
683 689 903 739 vaticiniic,‚retttut*um
909 720 914 739 ,
929 692 974 740 quia
984 689 1046 729 Deus.
1056 701 1096 734 non
1108 700 1138 728 ac·

284 742 393 800 quiesceret
407 741 508 785 sacrificiis.
536 743 630 786 Mieboeli
644 756 709 785 tamen
729 742 804 795 (Cous.
823 742 924 800 Endromis
934 740 970 782 olor
983 745 1023 795 typ.
1034 739 1137 797 Goliasge·

284 797 384 850 latrant)
398 810 419 840 et
436 796 536 852 Ernefllo,
550 797 609 850 (Vid.
625 797 728 842 thdieioe
740 793 823 849 orentii
840 794 902 835 diuino
918 796 939 836 in
955 798 990 837 rel.
1005 795 1137 852 constituenda

287 855 325 908 Op.
336 853 392 896 theol.
404 869 424 908 p.
437 855 485 904 3¹4)
500 855 648 900 concedendum
663 852 708 898 else,
718 849 836 904 putaverint,
846 851 866 890 iu
876 851 992 903 quibusdam
1003 850 1137 898 ritibusfuiss'e

283 910 456 953 adumbrationem
466 904 627 957 occultet-quod
637 917 663 945 ne
673 901 783 954 Spaniam
792 903 872 956 quidem
887 909 973 960 negarit.
1001 906 1075 957 (Cous.
1092 904 1106 947 l.
1120 918 1136 946 c.

284 958 298 1003 l.
310 973 326 1001 r.
338 972 354 999 e.
367 971 397 999 tt.
409 972 427 1010 p.
439 957 492 1006 163),
520 961 587 1010 Atque
599 971 623 1008 ex
636 959 682 999 locis
694 959 719 999 N.
729 958 788 999 T..in
801 958 873 1010 quibus
883 962 944 1002 cultus
953 957 1040 1003 leviticus
1049 957 1137 1002 adnles-

284 1014 331 1056 fiam
346 1025 367 1054 et
381 1025 453 1063 notram
465 1010 567 1064 religionis
580 1012 717 1059 oeconomiam
731 1012 899 1061 accommodatur,
916 1017 980 1069 colligi
991 1016 1063 1068 potest¹
1083 1013 1136 1068 quod

283 1082 322 1111 nec
335 1062 436 1109 aduersarii
452 1067 510 1120 aequi
524 1077 544 1107 et
557 1067 693 1121 intelligentes
709 1079 782 1121 negare
795 1067 909 1119 audebunt,
924 1071 1003 1119 Deum,
1018 1084 1042 1111 eo
1057 1082 1137 1123 utroque

285 1123 374 1172 consilio,
389 1121 452 1174 (quod
462 1120 500 1163 five
508 1121 631 1174 primatium,
641 1120 678 1162 five
687 1118 818 1163 secundarium
829 1122 902 1164 dixeris
916 1137 959 1164 cum
975 1125 1015 1167 aliis
1031 1122 1139 1178 disputant„

283 1177 368 1233 perinde
384 1176 433 1227 est‚)
451 1188 487 1229 pet·
501 1173 578 1217 Molem
594 1173 681 1217 israelitis
695 1174 830 1230 praescripstise
842 1175 934 1230 quosdam
946 1179 1005 1228 titus,
1021 1175 1138 1221 five-conie-

283 1234 362 1274 nientec
373 1244 417 1272 cum
429 1230 499 1271 ritibus
508 1230 587 1271 aliatum
597 1231 698 1285 gentium,
712 1231 751 1271 stre
761 1232 816 1276 abiis
827 1231 961 1282 abiton'entes⁷
972 1244 993 1273 ut
1005 1233 1092 1286 Apostoli
1102 1231 1136 1272 de·

284 1286 409 1329 monstranda
419 1297 452 1334 ea,
468 1297 518 1339 qnae
527 1286 579 1326 inter
589 1287 632 1326 illos
643 1296 663 1326 et
675 1284 790 1337 religionem
799 1287 915 1330 Melitenam
929 1288 1070 1336 intercederet,
1081 1286 1137 1326 'snm-

284 1342 382 1390 libidine,
391 1340 475 1380 Iudaeos
485 1340 580 1393 proclives
589 1339 695 1380 reciderent
704 1339 727 1378 ad
737 1338 811 1379 cultum
821 1342 861 1380 Dei
870 1340 954 1389 riorum,
965 1353 1024 1392 atque
1033 1342 1057 1381 ab
1067 1346 1136 1381 eornm

271 1399 273 1403 “
284 1395 374 1436 motibus
384 1395 478 1442 alienum,
489 1393 631 1445 recipiendum.
659 1393 710 1441 Quis
720 1393 773 1435 enim
780 1403 851 1444 neget,
863 1393 949 1433 diuinum
959 1408 1034 1434 numen
1045 1397 1137 1447 ingente

282 1449 360 1490 Iudaica
370 1448 470 1489 educanda
480 1446 549 1495 eadem
557 1443 651 1500 sapientia
660 1442 714 1488 usum
726 1442 769 1495 ell'e,
781 1460 819 1499 qua
829 1456 885 1499 pater
897 1457 917 1487 et
924 1460 1040 1502 praeceptor
1051 1447 1134 1501 pruden

282 1504 365 1546 tissimus
376 1498 457 1557 quisque
465 1502 495 1542 uti
509 1498 568 1551 solet,
578 1500 626 1542 dum
635 1502 658 1542 iis
668 1500 788 1553 potissimum
801 1501 878 1554 ingenii
893 1513 914 1541 et
924 1503 999 1544 virtutis
1011 1505 1137 1544 exercitatio-

283 1558 428 1610 nibuspue'tos
441 1552 556 1603 adsuefecit,
575 1568 626 1608 quae
640 1556 692 1595 ritae
708 1556 786 1608 generis
803 1556 850 1595 olim
868 1554 969 1609 deligendi
983 1558 1135 1598 meditationem

283 1611 415 1654 contineant?
442 1611 500 1651 Idem
514 1607 585 1651 sentire
597 1609 674 1650 ridetur
690 1607 767 1658 Morus
780 1610 801 1650 in
812 1606 879 1662 praef.
892 1608 973 1663 cordiani
988 1623 1016 1663 ep.
1031 1609 1059 1651 od
1072 1608 1136 1651 Hebr.

283 1663 386 1722 praemissa
399 1679 419 1718 p.
428 1678 447 1713 9.
459 1675 509 1717 extr.
547 1663 587 1705 Sed
596 1677 662 1717 neque
672 1663 708 1705 hos
723 1674 781 1719 typos
791 1662 878 1705 habuisse
886 1666 924 1705 rim
935 1660 1076 1715 vaticiniorum,
1089 1665 1136 1706 iude

241 1737 246 1740 ·
284 1731 375 1775 apparet,
390 1721 434 1773 quia
444 1718 468 1760 ab
480 1719 541 1761 Mosrs
555 1719 668 1772 aequalibus
682 1720 741 1773 plane
756 1732 797 1771 non
809 1729 902 1773 poterant
914 1721 1000 1775 intelligi
1005 1750 1010 1770 ,
1026 1732 1092 1774 neque
1106 1731 1136 1762 ta·

194 1798 197 1800 v
267 1808 268 1811 η
283 1788 331 1818 rnen
340 1775 364 1816 ab
374 1787 398 1816 eo
413 1773 459 1816 furit
470 1774 567 1828 explicati.
799 1791 801 1795 r

257 1855 280 1912 d)
298 1854 431 1897 lltaodorelns
442 1855 523 1908 quidem
532 1856 553 1896 in
568 1851 645 1909 Quaest.
653 1852 674 1895 io
687 1851 733 1897 Lev.
744 1865 762 1897 r.
770 1856 810 1901 ait,
821 1853 908 1896 sacrificia
918 1869 928 1896 a
937 1857 982 1896 Deo
994 1852 1084 1897 Israelitis
1093 1866 1137 1908 per·

284 1910 338 1953 missa
348 1910 387 1959 efl'e
391 1941 398 1963 ‚
407 1922 429 1951 ut
439 1921 565 1954 avocarentur
574 1910 598 1951 ab
609 1909 718 1950 idololatria
723 1921 729 1956 ;
747 1921 766 1951 at
778 1912 860 1951 vitulum
873 1922 944 1959 tamen,
958 1924 993 1963 pto
1007 1921 1086 1963 peccato
1099 1912 1136 1951 im·

283 1968 392 2062 molinum,
400 1959 428 2010 'et
438 1975 493 2007 extra
500 1964 557 2008 calita
567 1958 758 2019 combustumputat
766 1963 806 2007 esse
814 1964 887 2009 Cbtilli
896 1965 1004 2018 imaginem
1016 1962 1093 2019 Qttuefl.
1104 1978 1135 2009 αι,

282 2034 304 2063 nt
335 2032 363 2063 av.
724 2040 743 2057 -,

286 2153 307 2222 §.
323 2172 342 2215 3.
376 2156 478 2203 Primum
489 2152 579 2219 quidem
590 2140 757 2217 argumentum
771 2167 817 2218 quo
827 2151 927 2219 plerique
942 2165 1031 2217 putant,
1044 2154 1134 2221 probati

228 2222 298 2294 pesse,
303 2224 432 2273 vaticinium
441 2220 532 2287 aliquod
539 2219 580 2268 etse
586 2213 729 2276 Messtanum,
736 2222 852 2286 repetitum
858 2238 884 2269 ex
895 2220 1061 2285 allegationibus
1068 2224 1096 2270 N.
1101 2224 1142 2273 T..

165 2336 166 2339 ,
229 2310 278 2342 non
289 2291 318 2339 eli
329 2288 480 2356 spernendum
487 2293 518 2345 θ),
532 2306 613 2355 magna
630 2301 704 2336 tamen
719 2306 771 2335 cunt
785 2290 888 2336 cautione
901 2286 1056 2337 adhibendum.
1098 2291 1135 2336 Et.

176 2387 187 2418 s
230 2363 292 2419 enini
305 2356 442 2406 veriffimum
456 2354 548 2416 quidem
566 2354 604 2411 eli,
618 2355 677 2418 potero
691 2356 757 2402 socrant
771 2354 868 2417 Cloa‘t'stnc
886 2357 921 2402 eol
935 2358 970 2402 uir
985 2357 1070 2418 quoidam
1083 2353 1136 2407 θεέ.

173 2449 178 2467 t
230 2443 324 2479 πνευςος
339 2427 363 2472 de
376 2422 608 2487 Meffloexplirennit,
623 2424 760 2469 ozrrroonedo
775 2437 798 2467 eo
816 2437 880 2485 ogere
893 2420 925 2484 l¹).
968 2422 1010 2472 Sed
1025 2427 1141 2488 quoniam

231 2507 286 2540 aetas
298 2490 335 2539 illa
347 2489 592 2540 aecomtnodationibut
605 2505 742 2553 magnopere
757 2485 836 2536 lluduit
847 2497 875 2549 ⁸),
891 2501 954 2556 atque
970 2494 1040 2539 oratio
1055 2506 1134 2557 graece

230 2562 259 2608 N.
269 2561 301 2609 T.
316 2578 368 2607 cum
378 2558 455 2621 lingua
465 2558 525 2605 hebr.
537 2560 581 2605 boe
589 2557 654 2605 babet
667 2573 798 2612 commune,
810 2568 833 2604 ut
842 2561 888 2604 eius
898 2555 1021 2614 formulae,
1044 2556 1133 2606 hatrslae

229 2629 339 2678 uintimtn
353 2644 380 2678 cu
395 2628 439 2677 vita
454 2629 571 2692 communi
585 2626 756 2685 Hebraeorum,
770 2641 849 2692 graece
862 2623 1015 2694 loquentium,
1025 2641 1072 2674 nou
1085 2620 1132 2672 satit

1054 2690 1132 2749 defiui-
