2462 3246
318 317 350 360 nis
360 314 490 357 communicat
499 313 559 367 apoll.
571 314 620 363 inell
631 317 707 354 tantum
722 328 738 354 v.
748 327 779 358 ας.
795 314 850 366 cnjus
864 309 928 355 serssus
945 311 988 356 fere
999 312 1031 355 hic
1045 312 1084 358 est:
1104 310 1160 369 Quia

316 364 1203 424 mmmmfflmwmfflmmfflmmff'

272 420 1163 482 ,qmmfflmmfflmmwmwwmmw

318 478 364 534 (ipsa
381 481 419 519 Dei
434 480 556 533 proludentia
566 479 713 531 permittente3)
731 479 790 518 doure
807 479 881 519 triusiae
892 481 963 530 gratius
977 477 1077 520 intrarint
1092 477 1164 532 Cltrt'fit'

318 534 426 576 ciuitatem.
455 534 558 583 (Debebat
569 533 633 585 enim,
646 535 696 574 Deo
704 533 728 574 uc
737 533 873 586 gubernante,
893 534 941 573 haec
952 545 983 574 res
998 533 1048 574 hanc
1056 537 1095 575 rim
1105 535 1164 576 habe·

320 602 347 638 re,
363 587 386 630 cl.
397 603 414 630 v.
429 602 458 630 rr.
473 601 501 629 aa.
512 599 534 628 ut
544 600 616 641 gentes
626 598 712 632 exterae,
727 589 851 628 allicerentur
860 587 884 628 ad
894 588 1012 640 religionem
1023 589 1164 641 recipiendam,

317 654 379 696 atque
395 638 447 694 rimu
463 638 482 679 iv
497 657 538 684 nou
549 641 653 684 necessario
665 654 753 696 tempus,
768 639 870 683 sedetiam
882 642 982 686 consilium
991 653 1061 684 notare
1071 644 1131 696 posse,
1143 645 1165 685 et

320 700 340 742 h.
350 700 363 737 l.
373 710 418 738 rere
428 709 506 746 notare,
526 698 645 739 demonstrat
659 696 753 737 Bunrras
770 698 789 738 in
804 699 852 752 Log.
868 694 928 736 Porti.
942 711 961 749 p.
972 700 1031 748 rom)
1061 699 1103 739 Iam
1118 711 1164 740 nero

306 753 337 796 ἴιι,
349 755 379 791 αό,
391 753 458 806 incipit
468 750 547 792 Paulas
557 752 700 801 demonstrare,
717 755 737 793 in
748 751 839 793 omnibus
853 753 933 804 reliquis
949 748 1049 803 israelitis,
1075 754 1109 806 qui
1123 766 1165 794 non

319 806 416 849 obstinato
427 810 493 848 animo
507 807 624 862 religionem
633 804 716 860 spreturi
727 805 773 857 snt,
788 808 863 848 exitum
873 806 972 849 habituras
986 808 1127 862 prophetarum
1139 808 1167 849 de

282 877 284 881 ·
318 863 356 904 lrac
366 874 387 901 re
398 861 547 914 praediilio'ues.
756 896 758 899 Α
812 903 814 906 ⁴

292 919 313 969 r)
327 919 370 958 Nec
381 917 487 969 prophetas
498 914 591 958 talia'suis
601 915 714 969 aequalibus
725 916 791 956 clarius
802 914 885 969 potuisse
893 916 1020 968 exprimere,
1040 929 1100 969 quam
1115 919 1166 971 ejus·

320 971 374 1014 modi
384 972 513 1025 imaginibus,
527 973 585 1012 docet
596 969 696 1022 Vitriuga
707 970 733 1011 de
742 968 819 1022 Synag.
829 976 869 1013 ort.
881 969 965 1022 Prolog.
984 982 999 1012 c.
1010 973 1028 1020 6.
1044 969 1075 1025 Cfi
1089 975 1103 1014 l.
1115 986 1132 1016 a.
1142 984 1165 1026 p.

320 1040 339 1066 a.
353 1037 369 1064 c.
384 1036 412 1065 ro.
594 1039 598 1046 ·
954 1038 956 1041 ·
1113 1066 1116 1070 ,

287 1075 1164 1139 ᾒΗΜΜμΜΜΜψψῴὼώψὴῶψωμΜ

321 1134 406 1188 p'ieuda,
421 1133 517 1185 propheta
529 1133 612 1182 indicat,
631 1147 674 1174 cum
685 1131 733 1188 ipsas
752 1145 822 1188 gentes
838 1134 949 1176 introducat
965 1135 1065 1185 diceutes,
1088 1134 1108 1177 se
1121 1151 1166 1190 pro·

319 1194 390 1243 'pterea
404 1190 501 1240 templum
517 1186 592 1229 Hieros,
605 1189 699 1238 aditurae,
720 1200 742 1231 ut
757 1189 830 1230 lehara
844 1187 892 1242 ipsas
909 1191 989 1231 doceret
1007 1203 1121 1243 praecepta,
1140 1192 1166 1233 ad

321 1255 373 1299 qnae
384 1244 443 1283 vitam
454 1239 505 1281 suam
516 1240 593 1294 pofl'ent
606 1255 732 1295 componere.
761 1246 831 1296 Neque
840 1244 895 1285 istam
906 1246 1023 1299 religionem
1033 1248 1097 1299 mouri
1109 1248 1167 1289 Zioni

321 1296 431 1339 adilrislam
447 1292 567 1347 matriniam,
585 1296 703 1350 fignificatur
718 1312 735 1341 v.
750 1297 795 1338 eod.
810 1309 858 1340 rrum
872 1311 898 1339 ex
910 1298 977 1339 Ziottt
989 1297 1080 1351 prodidit
1094 1299 1167 1342 desiri-

321 1361 350 1392 uu
363 1361 400 1391 etc.
443 1374 446 1380 ·
565 1391 568 1394 ,
738 1392 740 1395 ,

290 1406 320 1463 g)
335 1407 361 1449 H.
370 1406 382 1445 l,
396 1418 437 1444 non
453 1414 492 1443 tam
509 1401 658 1455 Hierosolyma,
685 1416 743 1455 quam
757 1404 875 1455 progeniem
886 1400 939 1455 Issi,
957 1402 974 1444 i,
989 1417 1006 1446 e,
1019 1407 1119 1457 Meffiam,
1138 1409 1167 1449 di-

321 1469 392 1501 entitur
399 1457 471 1501 adituri
480 1459 548 1510 populi
559 1460 632 1506 exteri,
647 1467 707 1511 atque
716 1458 764 1498 haec
775 1456 798 1497 ad
811 1459 973 1511 propagationem
990 1460 1045 1513 relig.
1057 1462 1126 1503 Christ,
1137 1476 1166 1503 re-

320 1513 359 1559 fert
369 1525 449 1566 quoque
458 1510 537 1552 Parum
546 1510 648 1562 Katanis,
662 1525 692 1551 η,
720 1512 760 1553 Sed
772 1525 792 1565 v,
803 1523 832 1551 11.
847 1521 868 1550 et
881 1523 910 1553 ra.
924 1511 958 1552 ubi
971 1514 1026 1555 Dens
1042 1514 1112 1558 dicitur
1127 1516 1166 1558 iit·

321 1578 501 1611 rttmrerocaturns
511 1569 606 1619 populum
619 1565 674 1608 suum
686 1579 711 1606 ex
723 1564 835 1606 nationibus
846 1568 929 1615 exteris,
949 1565 990 1620 ipse
999 1570 1105 1621 propheta,
1124 1586 1165 1616 voc.

321 1633 372 1667 mutua
383 1621 458 1676 addico,
474 1619 579 1673 significat,
594 1619 613 1661 se
627 1635 667 1661 uon
680 1621 765 1661 reditum
782 1632 807 1659 er
820 1618 891 1672 Bithys.
909 1621 969 1662 exilio
984 1623 1004 1662 in
1018 1626 1111 1676 patriam,
1132 1625 1165 1668 sed

274 1691 275 1696 ’
322 1680 392 1726 alium,
407 1675 430 1716 ab
442 1689 466 1716 eo
477 1673 572 1716 diuersum
583 1676 668 1717 reditum
682 1676 706 1716 ad
718 1675 854 1722 theocratiam,
875 1677 886 1715 i.
899 1688 916 1716 e.
930 1686 952 1715 ut
967 1676 1124 1731 historiadocer,
1140 1682 1165 1723 ad
1214 1691 1225 1699 ’“

315 1747 366 1782 „eam
377 1732 504 1785 religionem,
523 1744 588 1783 quae,
603 1731 650 1771 inde
665 1730 689 1770 ab
705 1726 782 1782 Hieros.
797 1741 916 1784 propagata,
938 1732 1036 1772 civitatem
1050 1737 1111 1775 etiam
1125 1737 1165 1777 Dei

321 1791 343 1831 in
356 1798 397 1835 toto
408 1786 456 1826 orbe
468 1795 563 1825 tetrarum
578 1784 625 1826 esset
638 1784 773 1831 coustitutum,
789 1785 907 1839 intelligere.

286 1842 314 1897 sa)
329 1839 379 1883 Istius.
390 1842 509 1894 imaginem,
524 1840 645 1880 avinceudis
655 1839 748 1893 gentibus
760 1839 843 1879 inimicis
858 1840 963 1891 repetitam
977 1851 994 1879 n.
1007 1850 1038 1885 ¹4·
1053 1844 1123 1884 eadem
1134 1859 1165 1885 na.

323 1899 380 1939 tione
390 1893 521 1947 accipiendam
533 1893 580 1945 else,
595 1908 659 1935 nexus
673 1894 736 1934 docet.
769 1890 868 1946 Adsperlis
883 1895 943 1948 igitur
957 1891 1039 1934 subinde
1056 1901 1119 1945 uotis,
1139 1912 1165 1941 ex

323 1951 394 2007 ‚quibus
402 1959 488 2002 pateret,
503 1962 544 1989 nou
553 1953 585 2003 agi
596 1950 621 1990 de
630 1948 689 1990 rebus
699 1949 793 1998 terrenis,
806 1948 849 1991 satis
860 1945 997 1990 cousuluerunt
1008 1952 1117 2005 prophetae
1125 1968 1165 1996 am.

323 2006 415 2060 bignitati
424 2003 535 2044 evitandae,
956 2030 958 2032 ·

295 2061 315 2112 i)
329 2061 368 2102 Etsi
377 2072 403 2098 ers
415 2060 449 2104 iis,
464 2070 513 2109 quae
523 2058 621 2103 diximus,
637 2058 715 2108 elucet,
729 2070 770 2096 non
781 2056 833 2096 reile
845 2052 920 2108 sperare
933 2055 1027 2108 quosdam
1038 2071 1105 2099 rerum
1115 2061 1166 2103 redi·

323 2126 367 2156 tum
379 2115 398 2152 in
409 2112 478 2151 uineta
490 2109 569 2162 Hieros
587 2124 607 2151 et
617 2110 739 2151 Iudaeorum
754 2120 775 2148 et
791 2111 881 2163 gentium
893 2121 1004 2150 exterarum
1019 2115 1165 2157 conversionem

323 2164 452 2210 universalem
472 2165 495 2203 ad
514 2178 579 2205 noram
596 2166 723 2218 religionem,
744 2175 810 2203 tamen
823 2165 888 2216 plures
903 2176 924 2203 et
938 2163 1024 2205 araneos
1040 2177 1060 2207 et
1075 2168 1170 2214 barbaros

323 2220 398 2275 Citrtsst
407 2220 513 2259 nouitium
524 2219 651 2271 inposterum
662 2229 773 2272 recepturus
783 2216 834 2267 effe,
850 2218 936 2259 divinare
950 2221 994 2260 licet
1004 2233 1030 2260 err
1043 2234 1072 2268 ea,
1081 2227 1163 2277 ratione,

322 2293 362 2332 qua
373 2279 427 2316 Deus
437 2271 514 2326 semper
524 2271 566 2315 usus
577 2273 605 2315 est
614 2275 634 2316 iu
646 2286 722 2327 genere
732 2272 818 2314 humano
830 2274 938 2314 educando.
966 2274 1043 2315 De'hac
1055 2286 1078 2318 're
1092 2275 1165 2321 corasnli

322 2331 388 2387 potest
398 2327 517 2383 Ltffiuslt.
529 2343 548 2381 p.
562 2333 606 2375 164.
633 2332 699 2380 Atque
709 2329 745 2369 lrac
753 2325 786 2380 spe
795 2330 886 2380 expleta,
907 2327 945 2382 ipsa
955 2330 987 2369 illa
1001 2332 1089 2373 vaticinia
1101 2337 1164 2388 magis

322 2388 425 2440 magisque
441 2383 465 2423 ad
479 2385 554 2422 exitum
570 2384 679 2431 ducentum
697 2396 742 2423 nam
755 2385 775 2422 iu
784 2384 812 2422 'iis
829 2394 958 2424 noncertnm
972 2396 1049 2437 tempus
1061 2388 1164 2440 indicatur,

322 2455 363 2493 quo
374 2441 428 2479 Deus
437 2448 578 2491 propagaturus
588 2436 739 2492 situreligiouem
750 2436 820 2478 Christ.
830 2434 863 2479 sed
876 2436 911 2479 ista
925 2441 1039 2492 propagatio
1052 2443 1073 2483 iu
1088 2444 1165 2485 uulner-

323 2495 367 2541 sum
381 2493 505 2548 praedicitur.
915 2517 917 2519 -
960 2503 962 2508 ’

331 2602 355 2664 ᾗ.
368 2617 405 2659 ῑις4
441 2604 488 2649 sam
498 2617 552 2648 curn
563 2598 597 2647 vel
608 2616 635 2646 err
646 2599 681 2646 his
689 2612 798 2666 appareat,
816 2598 934 2667 prophetat
945 2620 992 2652 non
1000 2607 1083 2661 minua,
1097 2623 1165 2672 quam

267 2672 343 2741 positas
354 2666 474 2736 profanos,
490 2671 516 2718 in
531 2666 724 2732 cursantibus-suis
741 2667 849 2736 quaedam
864 2675 952 2720 ornatui
969 2668 1062 2730 dedisse,
1085 2690 1165 2742 operae

1074 2780 1075 2783 a
1116 2759 1164 2809 „a
