2462 3246
470 127 708 231 QM*
992 153 1027 222 22

188 274 234 305 vero
243 256 342 304 trrrirersae
351 255 485 314 praestantiam
498 256 541 301 com
553 265 610 314 po‘e'ta
620 262 680 303 vellet
691 263 835 312 commendare,
849 260 900 304 'haec
908 263 1027 306 introdirilio

188 320 231 371 ejus
241 317 319 357 confilio
329 327 369 356 erat
378 316 481 368 aptiffima,
501 329 561 369 aquo
574 318 632 368 plane
645 317 751 358 abliorrere
767 317 801 359 filii
814 319 855 359 Dei
869 315 1026 371 descriptionem,

187 373 259 422 indicat
266 369 419 412 'Doaaannaas
428 368 523 423 inpaaaf
534 368 584 424 varji
593 381 658 423 germ.
670 371 767 415 Paooaaln
784 372 869 425 praelixa
880 384 901 423 et
908 374 928 413 in
934 370 993 426 sllaol.
1002 374 1027 414 ad

129 431 131 433 ’
185 426 248 469 Pron,
261 435 278 472 a,
294 440 324 466 αα.
353 428 383 466 De
393 425 414 465 ln
423 426 434 464 l.
447 423 518 465 torrsnli
529 425 593 478 potest
605 427 664 475 etiarn
683 426 770 468 Tatnos
781 428 792 470 l.
802 440 816 468 c.
826 443 845 481 p.
858 440 906 476 ¹93»,
932 428 1025 468 Uiirero

184 481 204 521 lri
214 492 303 533 peccant,
319 481 351 532 qui
363 480 382 521 n.
393 480 403 520 l.
413 477 574 533 prosopopoeiam
588 479 853 534 1011apsaretiani'ranoa
867 483 932 522 minus
944 493 1026 535 peccare

171 535 281 585 uidentur,
298 536 332 588 qui
342 531 370 581 Ps
382 547 414 581 45.
426 546 511 578 numero
521 535 656 575 vaticiniorum
673 535 728 578 llsell',
740 539 841 585 eximunt,
861 538 1025 588 interpretatione

182 590 284 643 allegorica
295 590 313 631 lt¹
325 590 337 629 l.
348 602 389 629 non
398 587 487 637 admiffa3
508 587 542 628 e1s1
556 601 600 629 eam
618 589 716 631 confilium
731 590 800 645 hymni
813 587 859 630 sacri
873 588 976 631 necessario
994 602 1024 629 re-

181 645 251 696 quirat.
279 646 332 684 Nam
345 643 369 692 t)
379 643 402 691 fi,
422 656 472 695 qrrae
486 642 553 683 laudes
567 644 618 695 regis
636 640 700 684 insunt
716 659 733 687 v.
750 658 766 697 3.
785 648 803 686 6.
821 654 849 688 18.
864 642 988 685 reserrentur
998 643 1023 683 acl

180 697 316 747 Salomonem,
331 696 391 752 filiam
400 695 516 737 Pharaonis
525 699 546 737 in
559 698 705 737 matrimonium
716 699 832 750 docentem,
847 700 880 752 qui
889 697 937 738 belli
947 696 1024 737 fortiam

181 752 228 792 dine
240 754 260 793 in
277 765 341 806 regno·
355 750 449 804 pacifico,
468 750 561 791 divinitus
577 752 604 791 illi
620 750 725 803 promisso,
739 754 827 793 eminere
840 763 940 805 nunquam
951 753 1022 804 potuit,

181 806 219 847 hoc
227 819 304 847 carmen
315 807 419 847 adulatoris
433 805 538 845 humillimi
549 805 573 847 ab
583 804 617 846 uso
628 802 678 846 sacro
688 804 736 846 esset
747 808 887 852 alienissrmum.
915 808 954 847 Sed
966 806 978 846 st
989 805 1023 846 sta·

180 871 268 911 tuamus,
291 862 379 913 imagine
396 860 448 913 regis
464 859 573 905 sortilfimi,
592 870 647 912 parta
662 858 739 900 l'isloria
753 875 764 901 a
777 862 822 901 Deo
837 861 910 902 eximie
927 860 1023 909 emanti,

179 915 269 956 Melliam
284 915 374 963 indicari,
394 914 459 954 omitia
472 913 526 954 heae
536 911 656 967 catapli-ann
675 928 720 954 nam
736 927 757 956 et
772 914 804 955 hic
816 918 904 956 omnium
918 914 1023 954 hominum

178 969 349 1023 praeliantiffimus
361 968 388 1019 (ν,
401 970 428 1016 3.)
438 969 539 1021 gentium,
558 982 604 1021 quas
620 969 691 1008 civitati
703 966 748 1008 suae
759 968 858 1020 adjunxit,
879 969 939 1008 vislor
953 971 980 1018 (v,
992 969 1022 1016 6.)

178 1024 216 1064 dici
226 1023 301 1075 potest,
316 1024 446 1075 omniumque
458 1022 486 1062 est
495 1023 627 1075 dignissimus,
643 1023 677 1075 qui
687 1034 725 1074 per,
738 1036 807 1064 ontnes
821 1024 960 1077 generationes
971 1023 1021 1062 cele·

177 1078 246 1118 bretur
256 1079 283 1126 (ν.
292 1079 337 1126 aa.)
350 1078 405 1118 Plura
417 1077 476 1117 etiam
487 1075 561 1126 insunt,
577 1089 627 1128 quae
636 1091 646 1117 a
656 1074 761 1117 Salomone
770 1078 828 1129 plane
840 1077 954 1125 abhorrent,
969 1072 1022 1116 Mes·

177 1131 216 1172 stae
231 1142 297 1173 autem
315 1132 391 1184 optime
408 1131 533 1172 conveniunt,
571 1131 668 1170 Nimirum
674 1130 709 1181 ,1)
724 1131 755 1170 laic
768 1143 803 1171 rex
819 1146 835 1171 v.
851 1144 869 1177 7.
884 1141 905 1169 et
920 1139 936 1172 8,
951 1129 1021 1171 dicitur

120 1190 122 1193 ⁴
177 1182 247 1226 malote.
274 1190 324 1227 Nam
337 1187 368 1225 uix
381 1184 445 1239 potest
456 1185 546 1232 conoedi,
561 1182 780 1233 for·mulam,'il1roaas
790 1189 838 1225 intas
851 1183 875 1240 est
889 1182 952 1234 Dans,
965 1181 1021 1237 posse

177 1241 265 1284 adhiberi
275 1255 321 1293 pro:
334 1237 391 1280 Dera
403 1238 427 1291 eli
436 1236 506 1279 altana
516 1237 583 1279 tlraoni
596 1237 637 1287 itti,
650 1251 693 1279 cum
704 1242 793 1291 nuspiam
803 1239 826 1280 stc
838 1240 917 1285 dicatur¹
935 1249 955 1279 et
968 1252 1020 1289 cum,

176 1307 209 1339 tut
224 1293 273 1337 olna
287 1294 420 1347 praedicatum
431 1291 476 1341 esse,
488 1295 519 1333 rel
534 1294 581 1341 inde
592 1293 649 1332 liceat
659 1294 757 1346 colligere,
776 1295 821 1346 quia
830 1296 885 1334 Deus
896 1292 936 1334 noir
947 1295 1020 1342 aarum,

130 1380 132 1383 .
176 1352 209 1393 sed
220 1349 341 1393 conservarat¹
351 1347 410 1397 liujus
422 1349 499 1397 imperii
511 1360 547 1397 per
562 1359 642 1386 omnem
657 1350 795 1387 aeternitatem
806 1346 894 1393 futurus,
912 1347 950 1387 dici
962 1358 1020 1399 pote·

174 1418 204 1448 rat
211 1433 217 1453 ‚
230 1414 289 1455 atque
299 1402 359 1440 etiam
369 1411 394 1439 ox
407 1412 416 1435 α
428 1397 486 1438 Sana.
497 1411 516 1446 7,
532 1412 561 1444 ¹3.
572 1409 592 1438 et
603 1411 628 1437 ex
638 1395 673 1451 Pſs
680 1409 712 1448 89,
728 1413 757 1447 29.
765 1411 836 1452 pateat,
848 1402 868 1441 in
878 1400 1019 1442 fimilibusfor·

175 1460 244 1507 mulis,
260 1457 285 1498 de
297 1467 359 1507 regno
368 1451 450 1493 Messrae
460 1450 565 1506 usurpatis,
579 1455 600 1493 in
609 1448 666 1501 uitri,
680 1454 711 1493 rel
717 1452 847 1508 synonymis,
866 1451 944 1508 semper
955 1452 1018 1496 inell'e

176 1514 233 1566 regni
242 1507 430 1560 isliusattributum¹
446 1520 486 1549 non
494 1509 538 1548 Dei.
567 1509 608 1562 Iam
620 1510 660 1549 Dei
671 1521 744 1548 nomen
754 1505 802 1548 solet
812 1508 892 1561 quidem
905 1509 964 1549 tribui
972 1513 1018 1549 con·

175 1567 233 1610 sess'u'r
243 1565 339 1611 iudicum,
355 1562 448 1615 qnoniam
458 1561 477 1601 lti
489 1574 535 1602 uere
545 1563 584 1602 Dei
593 1560 696 1614 personam
705 1563 726 1601 in
737 1562 842 1603 theocratia
855 1560 959 1609 sustinent,
972 1561 1023 1603 cum⁴

176 1634 201 1664 ex
211 1611 253 1674 ejus
263 1617 353 1673 legibus,
368 1626 400 1656 aut
413 1629 439 1655 ex
449 1616 578 1667 ejusoraculo
593 1615 662 1657 catallis
671 1616 784 1667 dijudicant.
793 1616 836 1665 (Cf.
842 1617 905 1657 Eroti.
916 1631 947 1667 21,
958 1621 976 1658 6.
983 1631 1017 1667 aa,

176 1687 194 1721 8.
206 1686 226 1717 et
238 1671 263 1716 Ps.
275 1683 305 1722 82,
320 1672 346 1719 ι.)
376 1680 408 1711 out
418 1670 457 1710 Dei
468 1671 582 1710 nodositate
592 1683 635 1711 cum
648 1672 712 1722 aliquo
727 1680 797 1724 agunt,
818 1681 851 1712 aut
865 1672 922 1712 alicui
937 1672 1015 1725 aliquid,

175 1733 218 1785 ejus
233 1730 316 1770 nomine
328 1726 439 1780 agendum,
458 1724 558 1767 mandant.
574 1723 642 1765 Exorai.
659 1739 677 1773 a,
695 1728 724 1766 16.
741 1737 759 1774 7,
771 1724 789 1767 1.
821 1725 860 1766 Sed
876 1733 953 1778 praeter
966 1727 1016 1768 lianc

131 1793 132 1796 ’
175 1783 256 1827 caussam
269 1796 294 1823 ne
304 1781 324 1821 hi
335 1779 415 1831 quidem
426 1779 463 1818 hoc
472 1781 555 1820 nomine
571 1794 656 1833 utiquam
672 1778 815 1832 distinguuntur
822 1794 828 1828 3
846 1790 917 1832 atque,
934 1794 978 1821 cum
989 1782 1017 1821 vi·

132 1840 133 1843 ¹
174 1841 214 1882 sior
225 1834 358 1889 1tunquams1c
368 1833 390 1873 fit
400 1834 508 1885 appellatus
520 1836 539 1874 in
553 1839 638 1875 carmine
648 1833 733 1886 <lundam
743 1832 819 1882 divino,
833 1836 923 1874 omnium
933 1837 1016 1876 minime

174 1908 219 1942 rer,
233 1892 310 1943 nuptias
321 1888 432 1932 celebrans,
443 1886 467 1926 src
479 1886 515 1927 dici
525 1888 588 1941 potest
599 1902 633 1939 per
644 1886 698 1928 usum
709 1888 810 1939 loquendi.
839 1893 859 1935 a)
873 1890 1015 1943 Ejusregnom

174 1949 243 1989 dicitur
256 1954 374 1998 perpetuom
384 1957 400 1982 v.
414 1953 431 1988 7.
442 1955 499 1992 quam
512 1945 567 1995 tegni
579 1945 731 1994 perpetuitatem
744 1951 796 1981 certe
806 1956 845 1982 non
855 1942 950 1996 praestare
961 1955 1015 1997 pote·

173 2013 202 2045 rat
215 2001 376 2045 matrimonium,
391 2009 434 2035 cum
446 1995 483 2036 filia
495 2000 547 2049 regis
558 1998 674 2050 Aegyptiaci
685 1997 761 2036 initum,
783 1997 803 2043 a]
818 1998 843 2036 V.
862 1997 967 2050 implores
985 2010 1014 2037 re-
1069 2001 1073 2030 ’-

174 2071 221 2112 gum
232 2056 284 2096 filiae
292 2053 337 2093 huic
346 2053 388 2105 regi
400 2062 579 2091 commemorantur
590 2052 692 2099 adduilae,
702 2048 744 2100 vsetl
756 2048 858 2091 Salomoni
872 2063 918 2093 tmrc
927 2066 965 2093 una
974 2064 1015 2093 tart-

174 2111 245 2151 cumin
259 2109 406 2147 matrimonium
419 2105 463 2145 data
476 2106 508 2145 est.
521 2108 522 2111 ’
537 2105 618 2145 illelliae
633 2116 699 2146 contra
713 2107 779 2158 plures
794 2108 894 2156 arationes,
915 2119 965 2158 quae
979 2119 1014 2160 pet

172 2161 345 2216 prosopopoeiam,
362 2158 512 2198 taldeufiratam
523 2161 586 2211 poetis
601 2160 655 2200 hebr.
669 2160 798 2212 filiaeregum
811 2157 954 2211 diripuerant,
968 2159 1013 2202 stmt

172 2218 256 2271 junsiae.
286 2214 309 2261 a)
318 2213 411 2264 Denique
419 2210 546 2263 fignificatur,
562 2226 579 2252 v¹
592 2226 621 2258 17.
630 2213 680 2251 hanc
695 2224 763 2264 regem
777 2215 812 2252 toti
827 2223 889 2253 terrae
902 2214 1012 2265 praesesso-

173 2286 216 2313 rum
226 2268 269 2310 suos
281 2267 337 2308 filios.
365 2269 391 2306 At
408 2278 453 2305 tero
463 2263 577 2304 Salomonis
591 2279 641 2307 unus
656 2275 732 2305 tantum
746 2265 797 2307 silius
811 2266 904 2306 dimidiae
917 2272 966 2319 parti
978 2271 1012 2310 Pa·

170 2326 265 2368 laellinae
275 2321 394 2376 praepostus
405 2319 441 2369 est,
456 2317 487 2368 sed
499 2319 532 2360 filii
543 2319 634 2369 Melliae,
654 2320 696 2374 ie.
707 2321 789 2362 cultores
803 2320 882 2370 Christi,
901 2322 966 2373 plures
981 2336 1011 2364 re·

172 2395 210 2435 gna
219 2381 239 2420 in
250 2374 338 2419 uniterso
351 2387 444 2416 terrarum
456 2374 504 2415 orbe
513 2373 668 2416 administrarant
679 2374 784 2415 omnisere
792 2386 861 2416 aetate.
890 2377 940 2426 Quis
951 2379 1011 2432 igitur
1072 2403 1074 2409 ‚

172 2446 262 2476 vereatur
267 2428 291 2473 la.
301 2433 313 2471 l.
324 2431 447 2484 allegoricam
460 2431 643 2482 interpretationem
653 2428 767 2479 admittere,
781 2444 823 2476 cum
836 2430 883 2469 ltaec
893 2434 958 2473 omnia
966 2430 1020 2475 eam'

171 2489 281 2541 requirant,
295 2497 316 2526 et
324 2499 367 2525 cum
378 2485 427 2525 adeo
439 2486 523 2536 procliue
531 2484 564 2534 stt,
578 2486 598 2524 in
608 2484 641 2525 ista
650 2486 702 2538 regis
713 2484 761 2533 lilia.
777 2498 826 2539 qttae
836 2484 917 2536 jubetur
926 2486 1009 2530 domom
1046 2499 1047 2503 ’
1071 2534 1073 2537 ,

171 2554 272 2599 paternam
282 2538 377 2588 oblivisci,
391 2536 495 2593 agnoscere
505 2550 587 2591 gentem
597 2539 703 2590 judaicam,
718 2540 786 2580 ritibus
798 2541 895 2593 majorum
907 2541 966 2592 plane
977 2544 1010 2585 ad-

173 2599 260 2642 dictam?
279 2594 361 2641 Accedit
368 2594 456 2650 denique
466 2591 529 2636 Pauli
537 2595 646 2692 arsag-itas,
661 2594 695 2646 qui
704 2592 755 2637 aar.
768 2607 786 2650 ι,
793 2604 835 2648 ap.
845 2594 939 2647 qtrosdam
948 2595 1010 2699 hujus
