2462 3246
400 153 703 234 ‘juratae
844 96 846 99 ’
1000 149 1047 263 ¹⁷,

121 292 174 342 loco
187 288 252 338 inesse
264 299 321 337 certa
332 283 423 338 Messiae
432 282 667 349 criteriaascriptoree
677 286 705 333 N.
717 285 747 341 T.
762 283 881 351 consulere·
892 283 955 344 licet,
966 300 989 335 ut
1003 294 1034 337 ei-

77 364 80 370 ⁴
121 360 222 412 deerunt,
238 374 266 403 an
284 357 431 419 interpretatio
453 353 526 401 nollra
542 353 694 401 confirmetur
705 352 795 403 illorum
808 356 953 412 auctoritate,
967 374 1034 416 quam

120 427 220 476 diuinam
236 421 289 479 else,
311 437 358 471 tum
378 440 426 470 non
440 421 540 477 dubitare
555 418 681 485 possumus,
697 439 749 469 cum
762 420 799 468 isla
811 420 948 486 conspiratio
961 425 989 470 N.
1004 426 1033 472 T.

118 511 170 552 cum
181 481 365 553 argrrrne‘ntisss'ex
375 488 464 536 oraculo
474 492 500 537 t.
514 490 542 537 T.
554 486 601 553 ipso
613 487 754 549 elucentibus,
766 489 830 536 nobie
842 488 945 553 praeslat,
955 493 978 537 in
991 491 1030 540 illo

118 560 170 609 loco
184 576 257 607 veram
268 560 475 622 interpretationem
489 559 603 620 proponi,
620 572 666 602 non
680 574 765 604 meram
786 557 1029 607 accommodationem.
1065 617 1067 620 ι

117 628 171 674 Hoc
181 625 251 674 modo
263 628 300 692 qui
315 622 336 672 se
347 627 465 671 certiorem
477 621 600 671 'reddiderit
613 620 640 668 de
656 626 744 676 veritate
760 622 852 671 alieuius
866 624 1027 688 explicationis,

117 698 135 741 is
151 697 217 745 etiam
235 696 258 739 in
277 690 367 755 pronitu
384 690 474 738 habebit
486 691 629 750 argumenta,
639 691 717 754 quibua
726 707 774 737 eam
784 708 796 737 a
806 689 979 746 dubitationibus
990 692 1027 741 ad-

115 758 203 810 versarii
211 756 335 823 peritissimi·
344 757 456 805 vindicare
462 756 535 823 possit.
552 755 740 804 Sicuondifficile
751 760 791 803 erit
804 755 835 804 Ps.
847 775 860 805 a
873 758 893 820 ἒ)
911 756 942 805 Ps.
952 766 1026 819 110⁶)

115 824 148 876 Ps.
163 827 229 884 rot),
241 843 296 891 qnos
307 823 398 892 quidam
409 821 471 872 hunc
487 824 654 892 prophetiarum
668 820 764 874 numero
779 827 875 874 eximere
887 824 980 883 audent,
996 830 1025 874 ei-

116 894 168 944 dem
187 892 283 942 reddere
957 903 962 914 ‘'

142 1003 166 1053 a)
180 1002 234 1051 Male
244 1014 291 1055 ergo
300 1001 417 1052 interpretes
426 998 484 1040 multi
499 995 547 1040 Gau.
558 1012 589 1050 49,
597 1007 635 1044 '¹8.
644 1000 772 1056 arbitrantur,
786 1007 848 1041 natur
861 1001 951 1042 Meffiam
966 990 1031 1055 flgiti-s

129 1067 131 1069 ’
161 1063 330 1112 ’ἢωνεμϋειιυῐη
341 1060 365 1102 ab
373 1060 408 1101 isto
419 1061 559 1109 contextura
568 1063 629 1114 longe
638 1064 702 1115 aptior
714 1062 742 1102 est
752 1060 800 1101 haec
813 1063 961 1114 interpretatio:
975 1062 1023 1115 Ego

144 1127 150 1142 t
166 1130 214 1158 uero
222 1117 242 1157 ia
253 1116 336 1166 auxilio,
346 1125 384 1168 quo
392 1119 415 1154 te
423 1111 470 1167 e‘psre,
481 1112 643 1167 Herculanensem
655 1121 719 1165 teratu,
730 1127 744 1156 a
752 1127 783 1155 ure
794 1115 908 1164 oriundum,
922 1113 1021 1168 afferentes,

159 1175 219 1222 (uon
230 1184 275 1211 vero
287 1172 307 1210 iu
320 1172 342 1211 iia
355 1169 436 1219 inhdiis,
452 1169 522 1221 quibus
536 1172 621 1211 Dauitae
633 1170 770 1220 emineburrt,)
780 1168 879 1224 fiduciam
889 1181 955 1211 mearat
962 1184 1021 1223 petro.

143 1252 164 1306 b)
179 1255 217 1294 Hic
227 1249 259 1305 Pſs
270 1253 303 1302 qui
313 1247 358 1292 Art,
370 1265 393 1297 4,
405 1264 437 1294 aa·
453 1248 642 1299 Dictaturam,
653 1251 706 1292 reete
715 1250 739 1292 ab
751 1248 844 1292 Heresero
852 1252 911 1300 (vom
921 1252 977 1292 Geist
986 1253 1021 1294 der

169 1308 209 1348 ebr.
219 1306 286 1346 Poefie
296 1309 316 1346 P.
326 1321 344 1344 α.
355 1320 374 1356 p.
389 1305 437 1355 395)
447 1304 515 1344 referri
526 1304 602 1345 videtur
611 1306 634 1345 ael
646 1309 730 1358 tenipus,
746 1319 755 1343 a
766 1303 825 1346 Sana
839 1318 856 1355 7,
873 1316 937 1350 1-18
953 1306 1021 1348 descri-

153 1370 233 1415 ptum,
249 1360 340 1411 quiahoc
349 1357 430 1399 suadent
441 1358 491 1398 adeo
502 1358 599 1399 formulae
609 1359 686 1400 dicendi
696 1359 804 1410 quaedam,
822 1373 847 1398 ex
861 1360 897 1401 isto
910 1362 954 1401 loro
963 1375 1020 1414 repe·
1067 1394 1071 1399 ,

166 1418 221 1455 tirae.
250 1416 292 1452 Nec
300 1414 382 1460 mirum,
394 1413 407 1451 sr
418 1412 505 1463 ille„qui
516 1410 625 1456 audiverat.
639 1414 705 1452 Deum
716 1413 750 1464 ipfi
759 1423 780 1452 et
794 1415 836 1453 eius
853 1413 960 1465 posteritati
968 1430 1020 1468 pro·
1056 1434 1058 1437 ·

166 1471 246 1509 mittere
256 1467 339 1518 reguum
351 1474 482 1518 perpetuum,
492 1464 539 1504 iude
551 1465 641 1519 collegit,
657 1467 710 1506 irrita
724 1465 767 1507 sore
781 1465 857 1520 currfilia
873 1467 968 1518 hostium,
983 1472 1018 1522 qui

167 1522 251 1576 reguum
263 1522 325 1573 regis,
334 1521 425 1559 diuinitus
435 1517 544 1566 constituti,
554 1520 565 1560 i,
578 1532 596 1559 e.
605 1525 689 1572 regnum
699 1520 756 1573 iphus
767 1522 820 1571 Dei,
834 1519 896 1562 essent
904 1522 1017 1577 aggressuri.

149 1617 150 1620 ,
167 1577 207 1618 Sed
220 1575 281 1627 qualis
295 1587 330 1614 rex
345 1571 471 1622 describatur,
485 1585 510 1612 ex
520 1572 576 1626 ipfius
587 1575 675 1615 carminis
684 1572 765 1615 decursu
773 1576 863 1616 carrium
873 1579 949 1630 optime
960 1579 1018 1619 intel·

163 1632 246 1686 ligitur-5
271 1631 291 1669 iu
308 1627 361 1668 euius
376 1642 393 1668 v.
411 1629 429 1666 6.
443 1629 521 1676 Deum,
544 1641 561 1668 v.
572 1639 589 1674 7.
606 1637 622 1670 8.
634 1642 651 1676 9.
665 1628 786 1682 regem‚ab
801 1643 826 1670 eo
839 1631 1019 1684 inauguratum,lo-
1077 1650 1079 1654 ’

166 1687 206 1738 qui,
216 1683 273 1724 sacile
288 1680 379 1729 sentitur3
399 1691 419 1721 et
433 1683 486 1733 cuius
502 1683 570 1722 teutus'
582 1682 633 1722 nulla
643 1687 691 1736 eget
703 1684 854 1732 emendatione,
870 1684 884 1725 h
896 1690 1016 1744 memineris,

119 1786 122 1790 ⁴
167 1737 244 1780 tre-utu
258 1733 357 1790 peruium
370 1737 449 1790 linguae
458 1735 559 1776 hebraicae
572 1735 679 1789 fignificat-e
693 1736 797 1778 tractando
805 1735 894 1778 addere:
913 1739 960 1792 Ego
969 1753 1017 1783 vern

166 1801 242 1844 decretu
256 1802 283 1849 (v.
294 1795 332 1850 sup.
344 1795 493 1850 pronunciata)
511 1795 624 1837 enarrando
634 1796 692 1846 addo,
704 1795 755 1851 qnod
768 1796 841 1840 Ichana
859 1796 908 1839 milri
918 1803 1017 1855 praeneste,
1064 1837 1066 1839 ,

165 1854 280 1900 Promiserut
290 1852 368 1904 quidem
377 1853 432 1890 Deus
442 1851 480 1890 tc.
494 1848 618 1891 Salomonem
628 1850 718 1906 ipfifihi,
723 1851 745 1906 se
754 1851 782 1892 illl
789 1852 858 1904 patris
867 1853 1016 1908 locnfiatnrum.

165 1912 206 1954 Sed
216 1910 261 1949 huic
270 1908 311 1960 regi
321 1905 386 1948 dixit}
401 1909 423 1944 ta
432 1916 452 1944 es
457 1903 514 1959 filius
525 1917 588 1954 naeus,
598 1910 635 1957 ego
643 1906 698 1946 hodie
709 1911 728 1946 te
734 1907 807 1958 genui,
819 1910 831 1949 i.
840 1921 857 1949 e.
872 1909 909 1949 hor
922 1909 962 1963 ipso
977 1914 1016 1965 die,

168 1974 207 2019 quo
218 1974 238 2004 te
248 1974 316 2014 regem
330 1959 430 2007 cunstitui,
441 1970 460 1998 te
470 1974 481 1999 a
491 1972 523 1999 me
533 1961 622 2014 genitum
634 1959 681 2009 else,
692 1961 800 2010 decrat-arn
815 1976 864 2015 quae
876 1965 1014 2017 interpretatio

167 2017 310 2064 recontrabat,
324 2014 362 2055 siue
374 2014 486 2054 memineris
496 2024 537 2053 carr.
548 2013 585 2054 Gla
600 2014 615 2054 ai
629 2013 691 2066 (Pstis.
701 2014 723 2056 S.
734 2018 745 2057 l,
762 2029 779 2061 ε.
791 2020 818 2059 tr.
832 2030 848 2062 ς,
857 2029 876 2058 aa
891 2031 922 2062 ις,
938 2023 970 2072 qni
981 2022 1017 2063 (10.

167 2071 211 2125 cer,
220 2071 291 2118 verba,
304 2080 354 2128 perne
363 2065 553 2122 atsumfignifieeat,
563 2082 589 2110 ex
598 2083 637 2123 quo
651 2083 725 2124 genere
736 2071 764 2112 est
777 2071 820 2122 nr,
831 2082 916 2124 parere,
925 2075 1018 2127 gignere,

122 2152 124 2154 ¹
165 2132 267 2178 interdum
279 2128 396 2171 rainutius
408 2126 559 2171 declarationem
572 2132 693 2184 exprimere,
701 2130 740 2173 five
749 2134 870 2176 intellexerit
884 2140 937 2186 aare,
951 2140 970 2178 in
982 2152 1019 2179 aar·

142 2196 150 2216 ”
166 2194 252 2239 minibus
263 2190 320 2243 saepe
329 2190 449 2241 neglectum,
459 2199 497 2240 ego
505 2189 548 2229 dico
556 2187 624 2229 torte:
638 2195 657 2230 te
665 2191 734 2242 genesi.
761 2187 799 2230 aba
808 2192 900 2242 fignificat
910 2197 972 2243 colite,
979 2196 1018 2237 hue
1046 2214 1048 2217 ·

168 2270 213 2299 cum
226 2249 318 2294 Heraea-0
329 2263 353 2289 ex
364 2247 469 2302 fignificatu
477 2251 562 2300 ‘proprio
571 2243 667 2298 citrariae,
681 2247 829 2304 cirecemfiflerc,
841 2249 882 2290 ‚hue
898 2265 941 2294 cunr
958 2253 1016 2297 Ano.

146 2308 148 2316 '
166 2322 226 2365 nanto
244 2310 265 2348 iu
277 2302 368 2346 Crumeri
381 2301 499 2355 Beytrt't'geu
508 2313 548 2342 aare
558 2299 701 2354 Brft'irderung
711 2302 766 2346 isreel.
784 2302 824 2344 rand
838 2304 923 2347 anaara-
938 2307 1016 2352 Iterata-

168 2362 215 2422 m'ffa
224 2362 249 2404 P.
260 2376 277 2411 a,
288 2370 306 2404 Β,
319 2374 345 2400 ex
354 2356 475 2398 saltationum
486 2354 577 2398 sacrarum
587 2388 591 2406 ‚
602 2371 651 2411 quae
663 2358 701 2399 hoc
711 2360 770 2399 verbo
781 2357 879 2413 figu'ifirari
891 2362 1016 2417 poll'untmo.

167 2417 224 2462 tione
232 2419 285 2459 huuc
294 2413 367 2454 sensum
380 2413 451 2455 elicias.
479 2410 546 2452 Insunt
554 2425 613 2466 ergo,
623 2411 636 2452 st
646 2410 700 2454 usuur
712 2414 806 2466 loquendi
819 2411 907 2466 sequaris,
919 2418 966 2459 haec
976 2434 1016 2464 cer.

168 2476 195 2522 ie,
208 2485 258 2526 quae
268 2482 333 2522 neque
345 2464 423 2508 Deerat
428 2473 442 2512 ,”
450 2480 515 2520 neque
529 2465 631 2508 Saloniani
643 2469 772 2511 corrueniant:
800 2470 820 2518 r)
833 2469 909 2512 Gentes
924 2484 944 2514 et
957 2488 1016 2530 reges

169 2540 232 2573 terrae
241 2526 346 2578 imperium
356 2523 442 2563 Iehovae
455 2533 476 2562 et
489 2524 554 2575 regis,
570 2520 646 2575 abipso
659 2523 768 2570 constituti,
782 2537 793 2563 a
805 2521 823 2563 se
833 2528 906 2566 amoliri
917 2530 1016 2573 corrabun·

167 2597 210 2633 tur,
219 2597 236 2623 u.
250 2594 265 2618 ι.
278 2592 296 2620 2.
309 2592 326 2624 3,
360 2580 387 2617 At
397 2589 453 2630 reges
468 2587 540 2627 terrae,
552 2590 611 2629 quae,
624 2578 651 2615 uti
661 2578 730 2617 collato
740 2591 756 2617 r.
766 2585 784 2619 8.
797 2591 888 2633 apparet,
901 2594 940 2622 uon
952 2588 1017 2637 potest

168 2639 207 2683 else
216 2632 330 2683 Palaestina,
343 2644 382 2673 nee
390 2630 478 2684 Dautat,
488 2629 640 2683 neeSalomoni,
651 2643 707 2673 eraut
716 2630 802 2674 subrent.
836 2635 858 2683 a)
876 2637 977 2680 Formosa:
993 2647 1016 2681 tre

993 2707 1014 2736 ἰδ’
