2462 3246
123 291 223 353 'pr'etium
233 278 275 345 ell,
289 276 428 355 disquirere,
450 306 478 336 an
488 285 541 334 inde
550 287 626 352 colligi
642 286 719 354 possit,
737 289 761 336 in
776 285 841 337 nullo
853 286 964 337 ''vaticinio
978 284 1017 337 ali-

126 355 181 415 quid
193 356 294 418 deliniri,
310 354 346 404 sed
359 359 381 403 in
393 357 497 404 omnibus
509 368 595 417 tantum
604 359 626 402 in
636 352 762 405 uniiersum·
770 354 853 422 aliquid
863 356 932 413 tradi,
950 370 1016 419 atque

126 421 183 469 adeo
200 421 302 486 lingulas,
320 442 376 490 quae
387 422 502 471 interdum
519 427 735 482 commemorentur,
754 422 880 489 assertrices
894 442 941 483 non
954 443 1015 489 prae·

91 523 92 526 ,
124 488 211 551 dictae,
234 488 268 537 sed
285 495 376 555 imagini
398 493 540 557 propheticae
557 489 696 538 exornandae
716 484 774 539 datas
790 488 838 538 else.
876 485 935 540 Nam
950 495 1016 555 liujus

124 555 257 620 quaeslionis
270 558 410 622 dijudicatio,
429 561 460 605 uti
471 557 505 607 vel
515 557 541 605 ad
554 556 689 619 augendam,
712 561 746 607 vel
757 556 784 606 ad
801 558 946 607 minuendam
963 565 1014 626 pro'·

124 624 248 688 phetiarum
258 625 321 674 Mels
333 624 488 673 certitudinem
499 622 571 673 facere
583 623 689 690 potesta),
707 629 734 673 ita
746 624 772 672 ad
784 629 893 673 rationem
904 644 938 673 eas
948 630 1014 684 inter·

124 689 237 755 pretendi,
254 694 364 759 hucusque
376 691 485 747 ufitatam,
508 692 543 741 vel
553 690 745 748 confirmandam,
769 692 804 740 vel
816 693 881 757 plane
894 695 1015 742 immutan-

104 771 105 774 ’
124 754 191 814 dam,
205 755 316 824 ¹magnum
327 770 468 808 momentum
479 761 558 820 habet.⁴
584 762 630 806 lam
642 758 732 824 quidem
744 761 795 824 qnia
807 756 909 807 formulis
919 759 1016 818 dicendi,

125 841 181 890 quae
192 843 257 890 quam
267 825 367 875 latissime
377 826 475 892 pateant,
494 826 583 874 adiectis
594 843 667 892 neque
677 829 783 890 temporis
798 829 868 882 notis,
886 845 957 887 neque
966 826 1014 875 aliis

125 889 232 955 adjuudlis
244 891 391 958 fignilicetur,
409 892 536 940 felicitatem
553 895 613 958 genti
623 892 693 947 alicui,
703 896 847 957 promittere,
869 910 917 950 uon
926 889 1017 960 'superat

123 960 241 1022 ingenium
253 962 391 1019 humanum,
407 974 483 1008 contra
494 977 558 1015 vero,
581 977 636 1026 quae
653 959 814 1025 praeditlionee
830 959 895 1024 plane
909 958 958 1023 sunt
972 965 1015 1009 cir·

125 1023 269 1092 cumscriptae
282 1026 414 1085 hominum,
437 1041 564 1095 temporum
577 1041 599 1074 et
613 1028 715 1074 locorum
729 1030 956 1084 commemoratione,
976 1040 1014 1076 aut

125 1089 273 1159 descriptione
286 1094 411 1161 perspicua,
429 1112 476 1143 non
489 1093 537 1142 calu
551 1097 633 1142 exitum
647 1095 725 1141 habere
741 1090 838 1158 potsunt,
864 1091 1015 1158 sapientissimi

126 1161 211 1224 quique
221 1164 363 1214 oraculorum
382 1162 510 1210 divinorum
527 1161 674 1208 aestimatores
687 1163 744 1209 redte
760 1158 950 1216 demonstrarunt,
973 1162 1015 1210 hae

122 1225 262 1292 potilsrmunr
278 1247 301 1277 re
311 1227 401 1278 differre
410 1232 513 1278 vaticinia
522 1246 594 1277 veraa
609 1228 666 1276 fietis
676 1226 703 1288 l).
739 1230 821 1277 Utrum
839 1245 891 1283 vero
906 1231 929 1275 in
942 1231 970 1290 V,
982 1229 1016 1285 T.

124 1308 244 1347 occurrant
255 1293 355 1349 oracula,
373 1314 428 1361 qnae
438 1313 470 1342 res
480 1293 693 1360 futurasearurnque
710 1291 811 1357 adjundla
827 1293 889 1358 plura
904 1292 952 1341 satis
968 1293 1018 1342 dili·

126 1372 239 1424 gemeret
254 1376 353 1408 accurate
369 1361 501 1416 describant,
528 1361 551 1407 id
570 1361 659 1425 quidem
677 1363 780 1406 omniurn
796 1359 1017 1409 cernffime·definiri

125 1426 208 1493 potell,
231 1427 320 1475 historia
334 1439 526 1492 comparata-cum
541 1426 634 1473 oraculis
654 1423 742 1474 divinis.
783 1428 831 1490 Qa
846 1431 1016 1490 comparatione

125 1492 235 1548 instituta,
252 1490 317 1541 facile
327 1497 367 1540 erit
376 1493 403 1540 ad
415 1491 591 1553 intelligendum,
601 1495 700 1540 humano
709 1495 785 1553 generi
795 1510 841 1540 uon
851 1497 936 1540 tautum
947 1492 1018 1543 felici·
1067 1537 1070 1539 ,

126 1572 205 1615 tatem,
223 1564 246 1607 in
258 1558 386 1608 universum
398 1557 545 1624 praedidiam,
565 1558 696 1623 contigisse,
713 1556 749 1606 sed
766 1557 819 1606 illud
836 1557 892 1607 adeo
907 1561 946 1608 lias
962 1558 1016 1627 ipsae

126 1631 171 1690 ejus
184 1639 266 1691 partes,
282 1644 336 1693 quae
345 1630 368 1675 in
378 1629 486 1676 vaticiniis
498 1626 622 1674 luculenter
636 1624 755 1690 descriptae
768 1629 919 1692 reperiuntur,
934 1626 1017 1677 ‚consc-

127 1706 204 1747 cutum
213 1692 267 1752 else,
285 1698 307 1741 in
318 1697 394 1759 primia
407 1693 454 1740 illas
468 1696 580 1747 nationes,
601 1710 656 1759 quae
666 1712 678 1740 a
687 1694 799 1759 prophetis
814 1690 892 1741 diserte
901 1693 943 1742 llnt
953 1712 1017 1744 com·

127 1767 274 1816 memoratae,
292 1779 361 1826 neque
372 1774 456 1808 tantum
466 1774 542 1808 uatum
552 1757 593 1806 else
599 1761 702 1824 ,aliquem
716 1760 762 1822 'ejus
778 1757 886 1808 felicitatis
900 1764 1016 1811 audioreur

126 1828 224 1876 omnino
238 1832 260 1874 in
271 1831 323 1874 orbe
335 1841 452 1881 terrarum,
470 1825 506 1873 sed
517 1830 651 1874 nominatim
662 1830 685 1873 in
701 1844 724 1873 ea
737 1839 804 1886 terra,
822 1830 847 1873 in
862 1844 889 1874 eo
905 1827 971 1882 loct),
989 1846 1016 1877 ex

127 1893 164 1942 illa
176 1907 252 1957 geute,
269 1907 290 1941 et
304 1893 343 1941 illo
357 1888 469 1956 tempore,
493 1896 530 1940 cui
545 1898 588 1956 ejus
602 1893 683 1939 natales
697 1893 766 1940 multa
784 1890 854 1941 secula
870 1907 919 1942 aute
933 1893 1016 1945 suerint

127 1959 238 2025 asliguati,
261 1979 333 2021 neque
347 1979 398 2009 eum
413 1973 511 2016 tautum,
530 1977 663 2026 quocunque
679 1960 769 2007 demum
787 1959 857 2007 ruodo
874 1961 923 2008 lieri
937 1960 1014 2026 posset,

126 2026 248 2079 sorturralse
258 2030 374 2081 homiues,
391 2025 427 2076 sed
438 2046 462 2075 ea
473 2027 537 2092 plane
546 2030 643 2081 ratione,
662 2045 717 2088 quae
728 2039 773 2073 erat
783 2026 970 2092 praesignificata,
985 2032 1016 2077 ei.

129 2113 172 2160 que
182 2099 246 2143 etiam
260 2114 306 2143 uon
317 2095 386 2144 modo
402 2113 434 2142 rea
449 2097 588 2160 praecipuas,
613 2091 651 2140 sed
668 2092 820 2141 minutissimas
838 2098 954 2161 quasque,
969 2114 1017 2145 eveo

128 2159 195 2214 niffe,
212 2179 264 2226 quas
274 2164 395 2226 prophetae
409 2166 435 2207 V.
451 2164 502 2207 T.a
514 2160 534 2206 se
544 2158 640 2223 provisas
656 2160 826 2209 denuncialsent.
862 2166 924 2225 Qae
938 2166 1017 2210 omnia

129 2245 181 2276 cum
193 2244 239 2274 uon
249 2225 341 2275 fortuito
352 2243 482 2274 concurrere
492 2229 606 2290 potuerint
616 2228 638 2271 in
650 2243 696 2272 uno
706 2224 830 2290 eodemque
839 2223 945 2288 subjedlo,
955 2274 957 2278 ,
967 2233 1016 2288 quie

129 2306 207 2358 neget,
224 2307 296 2341 extare
305 2293 410 2360 quasdam
420 2291 496 2339 saltem
508 2294 633 2356 prophetias
647 2290 709 2339 Mess.
722 2291 785 2355 plane
795 2290 893 2339 definitas
901 2297 926 2355 ἲ),
944 2294 981 2342 etsi
991 2299 1017 2345 in

128 2361 280 2426 antiquissimis
292 2360 385 2408 oraculis
395 2364 418 2408 iu
427 2357 552 2407 universum
562 2371 646 2406 tantum
655 2362 796 2424 promittatur·
806 2359 894 2424 aliquis,
912 2366 950 2427 qui
962 2367 1017 2424 'gen-

128 2442 159 2478 tes
169 2428 242 2476 selices
253 2427 304 2476 elset
314 2426 445 2482 redditurus,
464 2430 515 2492 quia
526 2428 569 2474 lroc
579 2426 610 2473 illi
623 2429 698 2480 aetati,
716 2429 795 2491 impari
806 2425 860 2473 adeo
876 2427 973 2492 pluribus
983 2448 1018 2479 ca-

128 2494 229 2563 piendis,
242 2494 379 2550 sufficiebat,
398 2507 419 2542 et
433 2496 483 2560 quia
493 2496 549 2541 hanc
561 2511 607 2541 rem
618 2493 682 2559 plane
692 2493 845 2540 admirabilem
858 2496 918 2543 Dens
926 2514 967 2561 pro
979 2497 1017 2545 sua

129 2562 233 2627 sapientia
244 2580 303 2618 nou,
322 2562 362 2622 nisi
372 2580 412 2627 per
422 2559 501 2623 gradus
511 2560 598 2608 volebat
610 2557 745 2607 innotescere
753 2557 785 2618 l),
805 2578 875 2621 neque
884 2567 959 2624 negari
969 2562 1019 2630 pos»

129 2628 167 2688 fit,
184 2629 343 2689 oraculorum,
360 2630 432 2681 obiter
446 2624 530 2680 tautum
546 2625 709 2694 adspersoruru,
731 2624 826 2678 eandem
841 2625 882 2676 elle
899 2635 1029 2691 rationem„

314 2719 317 2721 ·
594 2698 612 2748 Ε
953 2703 1017 2767 quip-
