2462 3246
254 347 256 351 ,
305 300 386 352 tlt'ttte,
401 302 420 342 in
430 300 461 340 tali
468 297 537 351 lingua
546 311 586 338 non
598 298 634 343 alia
642 298 719 338 ratione
729 298 794 350 potuit
805 288 990 350 enprintirnilr‘illa,
1004 294 1078 350 dequo
1090 303 1114 342 eu
1124 298 1160 338 mi·

286 371 288 375 ’
308 378 346 404 nus
357 363 438 403 dubitari
449 359 573 412 ,tricesimum
583 360 641 399 etiarn
650 359 717 410 postea
729 358 777 399 Geta.
792 369 822 406 1ο,
836 370 853 403 3.
868 351 959 397 adaman
974 358 1005 400 vel
1024 351 1044 397 11
1057 354 1160 411 fignilicet,

307 422 330 472 tl,
339 420 483 471 ¹(Abirrreleclro
495 416 619 467 somnianti,)
634 415 692 458 Deua
702 417 749 459 laec
759 418 823 458 altere
834 414 888 471 uisus
901 415 939 471 esl,
951 419 980 458 vel
994 418 1031 458 stas
1044 418 1130 469 nullanus
1140 416 1161 457 ln

309 477 375 519 animo
383 474 425 514 elur
433 470 545 527 suscitavit,
559 485 562 487 ·
588 474 650 522 Hinc,
662 472 681 525 sr
691 475 721 514 vel
735 475 820 514 maxime
831 487 857 514 ne
868 475 921 513 Deus
932 473 1058 524 quidemisto
1071 483 1166 526 tempore

283 555 286 566 ·
307 543 352 572 vere
362 532 438 571 locutus
450 527 507 576 esset,
526 528 608 568 concedi
619 538 684 569 tamen
695 527 778 578 deberet
796 527 820 570 ab
829 541 892 580 aequo
908 530 1027 580 interprete,
1042 530 1105 568 Deum
1116 524 1164 566 effe·

306 583 361 632 cille,
377 595 398 624 nt
409 584 498 623 homines
511 584 570 633 primi
584 596 617 631 ea,
635 595 684 635 quae
695 582 732 623 istis
749 579 876 622 sementum·
886 582 1033 634 exprimuntur,
1045 585 1163 634 cogitarent.

306 642 351 682 Hoc
360 640 413 678 enim
423 636 516 689 equidem
528 651 570 677 non
580 648 655 689 putem,
662 651 697 678 nos
708 638 773 690 largiri
783 635 841 689 pofl'e,
851 636 894 678 istas
902 637 1007 677 mirrasDei
1018 634 1056 675 else
1065 648 1118 676 mera
1128 634 1163 689 fig·

305 705 386 743 menta,
396 706 439 732 nata
450 705 475 742 ex
482 693 516 740 iis,
527 704 578 745 quae
588 692 652 744 postea
662 692 698 733 fint
707 692 768 741 sada3
777 692 822 744 quia
832 691 852 731 id
866 691 948 731 statuere
955 700 996 731 'nos
1008 705 1047 731 non
1058 689 1102 730 finit
1111 692 1160 738 ratio
1196 733 1198 736 ¹

307 747 398 792 narrandi
408 744 546 800 priscasrmnis
556 747 584 787 illi
594 747 663 794 modo,
676 748 786 799 quopueri,
799 747 853 799 loqui
862 746 989 799 incipientes,
997 755 1083 786 utuntur.
1111 745 1161 784 Nam

270 800 271 803 ’
292 823 293 827 =
308 804 357 844 ratio
368 801 457 842 narrandi
467 802 546 854 puerilis
556 803 653 853 permittit
660 801 755 854 quidem,
769 811 791 841 ut
800 813 833 851 ea,
843 811 893 853 qnae
903 797 977 840 diverso
988 810 1078 853 tempore
1088 810 1163 838 evene-

307 859 358 906 tint,
371 859 392 896 in
404 855 498 896 nan-ando
509 857 663 909 coniungantur,
678 866 700 904 ut
717 855 765 896 Geir.
778 871 800 901 4,
811 868 831 895 t:
851 854 884 895 sed
896 867 919 895 ea
933 868 973 895 non
987 855 1070 906 patitur,
1082 865 1104 893 ut
1113 864 1162 906 puet

263 927 264 930 ¹
309 923 344 961 ea,
359 922 409 962 quae
419 909 452 964 ips
468 909 584 959 acciderint,
594 910 654 958 dicat,
671 921 746 963 patrem
761 909 796 949 fibi
805 912 900 950 minatum
916 906 964 958 esse,
979 908 1013 948 nifi
1026 921 1083 948 verae
1096 910 1163 947 minae

310 962 555 1016 eventumpraecesserint.
582 965 636 1015 Ergo
647 964 666 1003 h.
680 965 693 1003 1.
709 964 741 1005 hie
754 964 782 1004 est
795 961 866 1016 sensus.
898 961 1038 1016 tamquarm
1050 957 1163 1014 131111111-

307 1019 373 1074 ptatt',
385 1014 476 1066 (excusso
486 1015 540 1056 forte
554 1029 580 1056 er
593 1018 662 1057 arbore
676 1020 695 1059 in
710 1018 832 1070 pulverem)
847 1016 911 1063 dlxii,
923 1019 963 1066 (vel
974 1019 1042 1057 minari
1051 1015 1099 1057 visus
1109 1015 1162 1065 est‘.)

311 1072 365 1128 Qrtla
375 1077 398 1112 tu
407 1068 519 1125 lracficlslt',
529 1070 617 1111 carulum
626 1071 906 1128 atrimallum'allelllfflarum,
918 1076 940 1112 lu
950 1069 1106 1125 veptullssltpaa
1119 1080 1162 1112 uert-

309 1133 342 1169 art
358 1132 388 1172 et,
402 1126 468 1180 quoad
482 1124 545 1181 uiuet,
562 1123 663 1177 puluerem
677 1126 775 1176 comedes,
789 1128 822 1176 (in
836 1128 916 1180 pulvere
932 1129 995 1170 iacere
1008 1123 1093 1179 cogeris,
1103 1123 1161 1175 conf.
1214 1124 1217 1131 “

309 1180 338 1226 Ps.
353 1194 396 1228 roa,
405 1182 446 1229 ro.)
460 1181 472 1220 i.
483 1194 498 1220 e.
513 1180 604 1231 homines
614 1192 635 1220 te
645 1195 684 1221 non
695 1182 758 1222 srnent
768 1181 847 1222 arbores
857 1184 939 1233 impune
950 1178 1074 1229 adscendere,
1087 1192 1163 1219 merno-

310 1250 341 1279 res
351 1237 445 1289 jacturae,
456 1248 514 1286 quarn
523 1246 558 1286 per·
568 1240 588 1273 t'e
598 1233 687 1276 fecerint.
715 1235 784 1289 Atque
793 1236 841 1276 otro
855 1232 981 1276 inimicitiam
993 1233 1095 1275 conciliabo
1109 1233 1162 1273 litter

311 1295 330 1331 tt
340 1295 359 1330 el
372 1290 424 1330 itaer
433 1287 535 1328 transieram
545 1318 549 1334 ‚
561 1287 614 1328 later
623 1294 681 1329 luant
692 1290 772 1343 atrisque
783 1290 906 1342 progeniem.
941 1288 996 1329 Haec
1010 1287 1088 1342 qulaltru
1102 1289 1162 1339 cariat

307 1349 370 1389 ,trram
376 1340 483 1397 ferltltlu
494 1342 565 1382 calcem
575 1342 625 1384 llas.
653 1346 680 1384 At
690 1344 739 1383 haec
751 1344 833 1394 ‘quidem
848 1343 891 1383 sunt
905 1344 1002 1396 ambigua,
1030 1343 1094 1382 Potest
1108 1344 1162 1381 enim

311 1401 349 1440 noc
359 1398 447 1437 indicari:
463 1406 539 1434 rantum
551 1395 618 1434 odium
628 1398 739 1435 intercedet
753 1398 806 1435 inter·
820 1394 930 1448 serpentem
941 1409 962 1434 et
971 1397 1061 1447 homines
1067 1425 1072 1443 ,
1083 1406 1104 1434 ut
1112 1396 1131 1434 lri
1141 1396 1162 1434 is-

309 1455 351 1494 lum
362 1452 399 1492 fint
408 1446 497 1497 occisuri,
509 1449 542 1499 ille
553 1447 588 1488 ltus
600 1448 623 1490 fit
634 1449 776 1490 vulneraturus.
806 1450 864 1499 Quae
874 1450 1009 1501 interpretatio
1024 1451 1112 1489 omnium
1122 1461 1161 1488 ma·

311 1505 445 1548 aimeatrider
455 1502 603 1543 recentioribus,
631 1503 670 1543 Sed
685 1503 699 1544 fi
712 1504 759 1544 llaec
773 1500 820 1544 effer
829 1502 887 1545 huius
896 1505 933 1543 loci
942 1500 1048 1554 sententia,
1064 1504 1128 1543 mirari
1140 1504 1162 1543 li·

311 1572 363 1608 ceat,
379 1557 446 1611 quidni
457 1558 518 1596 oratio
526 1556 575 1597 staec
584 1556 663 1605 eadem,
673 1570 711 1610 qua
729 1554 796 1597 exorsa
804 1567 862 1607 evat,
882 1559 1013 1597 concinnitate
1025 1558 1113 1598 decurrat
1122 1557 1160 1598 lroc

310 1614 354 1657 fer-e
363 1612 433 1652 modo:
449 1620 450 1636 ¹
460 1608 532 1651 rittrlirr
542 1613 560 1648 tr
565 1606 638 1663 J‘triet,
649 1614 668 1650 et
678 1615 700 1650 ta
712 1610 825 1659 intrantia,
836 1610 926 1651 mialaris
934 1611 1039 1664 propians
1049 1616 1107 1652 tuam
1114 1625 1161 1665 pro·

217 1660 219 1664 ⁸
266 1667 275 1687 ³
286 1714 290 1723 ,
309 1666 388 1721 geniem
396 1661 564 1721 interficiendum
571 1663 612 1703 eius
614 1665 732 1717 progeniem
739 1663 861 1707 vulnerabit:
877 1676 980 1718 necpater,
987 1679 1019 1706 cur
1027 1666 1108 1707 demum
1119 1682 1162 1721 pro·

311 1724 381 1778 genies
390 1723 441 1762 Evae
450 1718 515 1759 futura
529 1719 584 1759 illum
595 1717 715 1772 serpentem,
728 1721 762 1773 qui
775 1722 842 1768 primis
852 1721 964 1761 hominibus
978 1722 1065 1761 iniuriam
1080 1723 1158 1772 lecerat,

254 1811 255 1815 ,
310 1773 526 1823 dicaturintersellura,
542 1783 562 1811 et
573 1773 707 1824 posteritatem
719 1777 772 1816 Evae
783 1772 862 1828 serpent
875 1776 920 1822 ille,
934 1776 968 1826 qui
984 1786 1024 1814 tum
1037 1775 1112 1825 aderat,
1126 1790 1161 1816 ne·

311 1844 350 1883 que
363 1843 399 1886 per
413 1839 493 1868 naturae
508 1825 643 1872 conditionem
657 1841 702 1869 earn
715 1838 801 1870 aetatem
813 1839 890 1882 poterat
903 1827 1058 1882 afl'equi‚'quam
1068 1830 1159 1871 homines

311 1886 339 1927 1111
349 1885 418 1939 primi,
432 1882 505 1922 dicatur
515 1883 654 1923 vulneraturus.
682 1885 735 1937 Ergo
749 1880 788 1936 ipsa
801 1884 849 1924 ratio
867 1884 961 1935 loquendi
976 1897 1015 1924 non
1028 1894 1103 1924 tantum
1118 1898 1159 1935 per·
1220 1918 1222 1922 .

308 1941 383 1984 mittit,
395 1934 494 1976 sedetiam
505 1936 649 1987 quodammodo
661 1939 753 1990 requirit,
768 1949 789 1977 ut
803 1939 915 1990 largiamur,
931 1938 961 1978 sris
973 1938 1036 1980 verbis
1046 1938 1107 1980 inesse
1115 1953 1159 1993 pro·

271 2019 273 2021 -
309 1992 385 2035 missum
396 1984 481 2031 demo
490 1990 574 2041 quadam
586 1992 690 2046 progenie,
703 2005 754 2046 quae
764 1992 869 2038 damnum,
882 1991 993 2032 hominibus
1002 1992 1026 2032 ab
1035 1994 1070 2033 isto
1081 1993 1166 2046 serpena

310 2059 332 2088 te
343 2049 432 2091 allatum,
445 2042 492 2085 esset
507 2055 626 2097 reparatura,
640 2042 672 2085 sed
683 2047 790 2097 periculum
800 2059 839 2086 non
854 2047 897 2085 leve
907 2045 962 2085 simul
971 2042 1060 2093 subitura.
1088 2049 1159 2099 Neque
1191 2046 1192 2050 ’

310 2103 332 2143 111
343 2112 395 2141 tanta
405 2101 483 2150 linguae
492 2099 633 2148 antiquiffimae
643 2100 709 2152 inopia
722 2097 876 2140 haecvsententia
889 2100 930 2139 aliis
942 2098 1004 2140 verbis
1017 2102 1083 2153 putuit
1096 2103 1159 2153 expri-

310 2156 350 2200 mi,
366 2151 424 2205 quam
435 2151 581 2204 metaphoricis,
590 2154 678 2204 reperiris
690 2166 715 2192 ex
724 2155 761 2193 vitu
778 2150 828 2205 ipsa,
843 2166 868 2193 ex
878 2167 915 2205 qua
923 2151 1096 2206 facilepotuerunt
1108 2156 1159 2197 hanc

309 2210 417 2262 imaginem
429 2206 504 2246 haurire
510 2204 536 2254 ,fi
547 2203 598 2244 forte
608 2206 697 2246 viderunt
708 2218 765 2259 caput
772 2208 851 2248 alicuius
862 2204 956 2261 serpentis
966 2223 976 2248 a
985 2209 1112 2262 quadrupede
1122 2208 1157 2252 sra-

310 2266 372 2312 elnm,
386 2263 438 2301 cuius
449 2261 519 2300 calcem
531 2260 668 2302 vulneraverat.
704 2265 772 2314 Atque
786 2261 834 2302 haec
847 2263 928 2314 quidem
942 2262 999 2304 verba
1015 2266 1087 2318 tropica
1096 2266 1158 2313 lonae

310 2320 388 2359 clariora
399 2313 437 2355 esse
446 2314 559 2355 'debuerunt
568 2316 635 2369 primis
645 2315 767 2365 hominibus,
780 2323 836 2369 qntn'r
847 2315 942 2357 formulae
950 2314 991 2358 Iolr.
1003 2327 1043 2367 a,·8.
1052 2330 1073 2359 et
1081 2309 1158 2371 Ebrfa,

314 2386 344 2418 ¹4·
358 2382 391 2411 aut
401 2369 502 2417 didiones,
514 2370 570 2410 eriam
579 2371 641 2422 magis
652 2373 748 2423 propriae,
755 2371 791 2410 illis
801 2369 878 2410 futurae
888 2369 971 2412 fuissent.
998 2375 1043 2412 Erat
1051 2387 1109 2426 porro
1119 2375 1157 2416 hoc

250 2430 251 2433 ’
311 2424 405 2472 solatium,
412 2423 464 2476 quod
476 2419 517 2462 saris
526 2420 626 2474 perspicue
636 2424 726 2464 elucebat
736 2437 761 2464 err
770 2422 861 2476 promillo
871 2424 905 2465 istu
916 2422 1020 2477 universali,
1025 2428 1081 2469 valde
1090 2441 1158 2482 aptum

308 2480 340 2524 isti
359 2479 453 2529 tempori,
469 2490 507 2529 quo
521 2474 630 2517 sentiebant
644 2479 745 2528 iacturam,
764 2491 820 2530 qvam
839 2477 926 2520 fecerant
941 2494 952 2520 a
969 2477 1058 2534 serpente
1071 2484 1158 2537 decepti.

310 2533 372 2585 Quod
383 2545 428 2571 cero
439 2531 516 2584 quidam
534 2531 605 2573 nolunt
619 2532 738 2581 concedere,
748 2532 789 2574 -lroc
804 2535 881 2574 oraculo
894 2531 971 2586 spellari
985 2537 1084 2588 Meffiam,
1097 2549 1157 2592 argu·

266 2612 267 2618 =
310 2600 379 2630 mento
389 2586 445 2626 dotto
457 2585 480 2625 ab
493 2585 629 2638 Apostolorum
640 2587 725 2635 filentio,
734 2587 771 2627 hoc
780 2589 839 2640 plane
850 2589 920 2629 mirum
930 2589 963 2636 est,
976 2602 1020 2631 cum
1033 2593 1071 2632 iam
1082 2594 1157 2637 constet

310 2639 1156 2700 inter·intelligentes,N.T.nortellelibrumsystematicescriptnm,nequehuiusefl'ati

1089 2740 1091 2743 .
1107 2706 1156 2746 alle·
