2462 3246
205 190 992 340 fflssssssel'eae-‘ss‘m

128 529 258 614 narro,
292 518 584 611 Pnoenn‘rras
620 527 845 594 uassrnuas
881 529 1019 603 [utun-7

137 648 139 657 =
166 632 370 697 rnnraunr
389 629 645 708 cunrrssrua,
668 631 977 708 nosrnauoua

138 742 140 744 ·
261 735 410 799 aaran
446 732 889 827 accourronnusstun„

460 859 593 916 rans
640 851 712 917 rr

497 1000 637 1041 ffim-:z

329 1155 808 1224 PROOEMIVM.

123 1280 196 1412 Uti
204 1301 290 1370 semper
298 1305 404 1366 fuerunu
414 1314 451 1373 qui
463 1309 570 1373 putarent,
580 1309 669 1356 inlibris
679 1306 758 1355 divinis
767 1303 933 1371 interpretandis
944 1305 1011 1371 plane

197 1372 262 1418 aliam
274 1375 380 1419 rationem
392 1374 433 1419 effe
442 1375 583 1436 sequendam,
598 1377 695 1437 quamin
706 1370 818 1435 profanis:
834 1373 935 1420 itaetiam
946 1391 1009 1421 nunc

120 1438 163 1483 viri
174 1436 263 1501 quidam
274 1437 345 1484 Celeb.
355 1437 382 1485 ad
392 1442 447 1486 hanc
456 1443 588 1502 opinionem
600 1438 707 1502 proclives
719 1435 779 1491 sunt,
797 1435 834 1483 etfi
847 1436 899 1484 alias
910 1438 938 1484 ob
948 1437 1007 1486 caus-

120 1499 159 1550 s'as.
193 1505 283 1550 Scilrrrrr
296 1502 384 1569 quidem
397 1508 522 1570 prophetias
533 1519 589 1552 certe
600 1501 662 1552 Mesl
672 1502 699 1550 ad
713 1503 778 1550 aliam
794 1520 898 1552 normam
914 1502 955 1554 else
970 1522 1006 1553 ex·

119 1568 246 1634 plicandas‚
260 1587 325 1629 quam
337 1570 392 1619 alios
407 1572 486 1625 libros,
504 1570 653 1630 contendite),
674 1572 776 1634 inprimis
789 1570 846 1617 hanc
860 1571 888 1618 ob
901 1569 1005 1636 caussam,

121 1634 182 1699 quod
191 1639 311 1702 prophetae
321 1638 401 1694 reruni,
413 1657 465 1704 quas
476 1641 542 1686 iubis
554 1641 660 1687 vaticiniis
669 1635 829 1701 praedicebant,
848 1655 902 1692 non,
916 1635 957 1684 nili
967 1638 1006 1685 ob-

119 1699 191 1750 scuras
203 1707 303 1751 notiones
314 1707 438 1761 habuerint,
457 1722 527 1771 neque
540 1723 574 1754 ea,
592 1721 646 1769 quae
662 1721 701 1768 per
716 1700 841 1767 sequidem
858 1706 949 1767 ingenio
966 1706 1005 1752 hu.

119 1786 187 1818 mano
199 1784 260 1817 erant
270 1769 405 1829 abscondita⁷
421 1776 533 1837 potuerint
542 1775 635 1836 exprimi
646 1783 665 1816 et
674 1769 770 1833 depingi,
788 1768 829 1815 nist
838 1786 877 1835 per
887 1773 1003 1835 imagines,

119 1838 278 1899 aenigmatibus
290 1836 394 1896 ssmilesl)
401 1858 407 1895 3
423 1837 481 1886 unde
491 1839 528 1886 ille
539 1839 634 1902 colligit,
657 1839 699 1884 Dei
709 1839 852 1900 cogitationes
865 1856 876 1883 a
887 1840 1004 1903 propbeta.

118 1920 169 1950 rum
185 1915 205 1947 et
218 1904 342 1962 aequalium
357 1902 430 1960 seusu,
448 1923 498 1952 curn
513 1908 620 1953 vaticiniis
632 1907 716 1959 iunclrn
731 1900 823 1950 diversas
833 1900 903 1958 fuisse,
922 1922 1002 1965 easque

117 1969 180 2017 latius
192 1968 287 2034 patniffe·
321 1975 367 2018 Iam
380 1970 555 2038 quidernnagarl
570 1989 616 2019 non
631 1970 711 2035 potest,
733 1972 808 2016 Deum
821 1970 855 2018 vel
870 1983 927 2022 turn,
948 1989 1001 2020 curn

117 2039 200 2101 primas
211 2050 295 2084 tantum
306 2037 372 2085 lineas
386 2038 476 2087 Mellr'ae
490 2041 621 2105 aprophetis
638 2037 686 2084 duci
700 2049 795 2091 curaret,
817 2041 859 2099 ejus
876 2035 1002 2102 perfedlissi-

117 2103 312 2167 mainconcepille
326 2109 452 2161 notionem;
473 2103 507 2153 sed
520 2110 572 2157 hinc
582 2123 628 2153 non
643 2102 751 2170 seqnitur,
773 2104 877 2151 omnibus
892 2107 1001 2153 vaticiniis

116 2166 181 2233 Meis,
192 2175 240 2216 eam
250 2167 290 2214 effe
303 2169 446 2217 inferendam.
483 2176 571 2229 Etenim
583 2176 604 2218 in
619 2176 643 2218 iis
653 2169 786 2235 explicandis
797 2188 843 2217 non
859 2170 907 2217 illae
917 2176 1000 2235 cogita·

117 2238 193 2293 tiones⁷
211 2252 262 2300 quas
272 2237 331 2299 Deus
341 2235 368 2283 de
378 2238 454 2286 Mallia
465 2238 517 2284 inde
526 2240 551 2284 ab
562 2241 685 2284 aeternitate
695 2237 800 2289 babuerit,
815 2235 898 2282 necesse
908 2236 944 2296 eil,
961 2235 998 2287 sed

115 2300 176 2358 illaeg
199 2320 251 2366 quas
266 2304 335 2357 voluit
349 2307 428 2369 cuique
442 2308 503 2352 aetati
523 2300 672 2357 innotescere,
689 2299 738 2348 suut
750 2300 895 2351 enucleandae
901 2321 906 2355 3
928 2301 998 2369 atque

58 2388 59 2391 ¹
114 2385 149 2415 eas
166 2368 264 2434 quidem,
280 2365 423 2435 imaginibun
438 2375 558 2436 unicuique
568 2372 661 2434 tempori
674 2367 797 2433 apulimus,
825 2367 937 2433 expressas,
951 2388 998 2423 ram

113 2437 243 2502 propbetasj
261 2456 328 2503 quam
338 2456 417 2487 eorum
426 2434 524 2505 aequales
540 2437 632 2502 potuille
647 2435 779 2502 perspicere,
800 2433 865 2484 facile
880 2437 949 2490 estad
965 2443 997 2487 in-

114 2500 265 2567 telligendum.
298 2510 345 2553 lana
356 2506 392 2553 etsi
404 2507 452 2554 illae
462 2510 519 2553 exitu
529 2510 535 2552 i
538 2504 576 2570 plo
586 2504 687 2551 clariores
697 2501 746 2549 snut
756 2501 859 2558 redditae,
877 2517 941 2570 atque
951 2525 997 2555 ma-

114 2572 148 2633 gis
159 2573 272 2634 magisque
281 2567 419 2633 definitaes),
438 2579 472 2628 ita,
481 2568 482 2571 ¹
491 2586 514 2619 ut
524 2576 548 2618 iis
559 2588 587 2620 ex
596 2570 685 2617 billoria
695 2570 732 2615 lux
742 2568 806 2633 possit
816 2567 937 2629 affundi‘l),
967 2587 998 2623 ta·

114 2652 181 2694 tntu,
199 2656 252 2689 curn
264 2639 405 2706 indagamus}
425 2639 628 2709 quidpraediclam
644 2637 668 2686 fit
682 2635 710 2686 de
724 2634 814 2694 alesia,
835 2638 936 2691 nostrum
948 2660 998 2691 non

578 2708 595 2757 F
959 2710 996 2774 est,
